"id","loan_order_id","rate","amount","loan_amount","interest_date","created_time","created_by","active","interest_type"
"257139","RZ20170728003","0.007000","2445.2437","1497088.0000","2017-07-28","2017-07-28 18:30:03","system","1","七天全额计息"
"257138","RZ20170728002","0.010000","3493.2053","1497088.0000","2017-07-28","2017-07-28 18:30:03","system","1","七天全额计息"
"257180","RZ20170728001","0.007000","8181.3732","195035.6800","2017-07-28","2017-07-28 18:30:03","system","1","七天全额计息"
"256518","RZ20170727005","0.007000","13735.6800","8409600.0000","2017-07-27","2017-07-27 23:50:03","system","1","七天全额计息"
"256517","RZ20170727004","0.007000","11446.4000","7008000.0000","2017-07-27","2017-07-27 23:50:03","system","1","七天全额计息"
"256516","RZ20170727003","0.010000","16352.0000","7008000.0000","2017-07-27","2017-07-27 23:50:03","system","1","七天全额计息"
"256515","RZ20170727002","0.010000","19622.4000","8409600.0000","2017-07-27","2017-07-27 23:50:02","system","1","七天全额计息"
"257048","RZ20170727001","","15015.0000","5009004.0000","2017-07-28","2017-07-28 09:53:24","system","1","固定利息"
"257015","RZ20170726001","0.007000","6761.2160","4139520.0000","2017-07-28","2017-07-28 18:30:03","system","1","七天全额计息"
"254048","RZ20170725007","0.007000","5880.0000","3600000.0000","2017-07-25","2017-07-25 23:50:03","system","1","七天全额计息"
"254047","RZ20170725006","0.007000","8820.0000","5400000.0000","2017-07-25","2017-07-25 23:50:03","system","1","七天全额计息"
"257014","RZ20170725005","0.008000","7727.1040","4139520.0000","2017-07-28","2017-07-28 18:30:03","system","1","七天全额阶梯计息"
"254046","RZ20170725004","0.010000","12603.3600","5401440.0000","2017-07-25","2017-07-25 23:50:03","system","1","七天全额计息"
"254045","RZ20170725003","0.010000","8402.2400","3600960.0000","2017-07-25","2017-07-25 23:50:03","system","1","七天全额计息"
"254044","RZ20170725002","0.010000","8400.0000","3600000.0000","2017-07-25","2017-07-25 23:50:03","system","1","七天全额计息"
"254043","RZ20170725001","0.010000","12600.0000","5400000.0000","2017-07-25","2017-07-25 23:50:03","system","1","七天全额计息"
"252856","RZ20170724006","0.006000","5880.0000","4200000.0000","2017-07-24","2017-07-24 23:50:04","system","1","七天全额计息"
"252855","RZ20170724005","0.006000","6720.0000","4800000.0000","2017-07-24","2017-07-24 23:50:04","system","1","七天全额计息"
"252854","RZ20170724002","0.010000","9800.0000","4200000.0000","2017-07-24","2017-07-24 23:50:04","system","1","七天全额计息"
"252853","RZ20170724001","0.010000","11200.0000","4800000.0000","2017-07-24","2017-07-24 23:50:04","system","1","七天全额计息"
"257013","RZ20170720002","0.006000","3998.7200","19993600.0000","2017-07-28","2017-07-28 18:30:03","system","1","七天全额计息"
"256378","RZ20170720002","0.006000","3998.7200","19993600.0000","2017-07-27","2017-07-27 23:50:02","system","1","七天全额计息"
"249110","RZ20170720002","0.006000","27991.0400","19993600.0000","2017-07-20","2017-07-20 23:50:04","system","1","七天全额计息"
"257012","RZ20170720001","0.008000","5331.6267","19993600.0000","2017-07-28","2017-07-28 18:30:03","system","1","七天全额阶梯计息"
"256377","RZ20170720001","0.008000","5331.6267","19993600.0000","2017-07-27","2017-07-27 23:50:02","system","1","七天全额阶梯计息"
"249109","RZ20170720001","0.008000","37321.3867","19993600.0000","2017-07-20","2017-07-20 23:50:04","system","1","七天全额阶梯计息"
"256384","RZ20170719005","0.006000","1001.8008","5009004.0000","2017-07-27","2017-07-27 08:51:29","system","1","按天计息"
"256383","RZ20170719005","0.006000","1001.8008","5009004.0000","2017-07-26","2017-07-27 08:51:29","system","1","按天计息"
"256382","RZ20170719005","0.006000","7012.6056","5009004.0000","2017-07-19","2017-07-27 08:51:29","system","1","七天全额计息"
"257011","RZ20170719004","0.007000","815.3600","3494400.0000","2017-07-28","2017-07-28 18:30:03","system","1","七天全额计息"
"249562","RZ20170719004","0.007000","6522.8800","3993600.0000","2017-07-21","2017-07-21 23:50:04","system","1","七天全额计息"
"247965","RZ20170719003","","15015.0000","5009004.0000","2017-07-19","2017-07-19 17:44:40","system","1","固定利息"
"257010","RZ20170719002","0.008000","931.8400","3494400.0000","2017-07-28","2017-07-28 18:30:03","system","1","七天全额阶梯计息"
"253098","RZ20170719002","0.008000","7454.7200","3993600.0000","2017-07-21","2017-07-24 18:06:58","system","1","七天全额阶梯计息"
"247072","RZ20170719001","0.006000","6634.2276","4738734.0000","2017-07-19","2017-07-19 15:00:06","system","1","七天全额计息"
"257009","RZ20170718003","0.006000","477.7968","2388984.0000","2017-07-28","2017-07-28 18:30:03","system","1","七天全额计息"
"256514","RZ20170718003","0.006000","477.7968","2388984.0000","2017-07-27","2017-07-27 23:50:02","system","1","七天全额计息"
"256513","RZ20170718003","0.006000","477.7968","2388984.0000","2017-07-26","2017-07-27 13:29:23","system","1","七天全额计息"
"256512","RZ20170718003","0.006000","477.7968","2388984.0000","2017-07-25","2017-07-27 13:29:23","system","1","七天全额计息"
"256511","RZ20170718003","0.006000","3344.5776","2388984.0000","2017-07-18","2017-07-27 13:29:23","system","1","七天全额计息"
"257008","RZ20170718002","0.006000","315.0000","1575000.0000","2017-07-28","2017-07-28 18:30:02","system","1","七天全额计息"
"256375","RZ20170718002","0.006000","409.5000","2047500.0000","2017-07-27","2017-07-27 23:50:02","system","1","七天全额计息"
"249068","RZ20170718002","0.006000","3528.0000","2520000.0000","2017-07-20","2017-07-20 23:50:04","system","1","七天全额计息"
"257007","RZ20170718001","0.008000","637.0624","2388984.0000","2017-07-28","2017-07-28 18:30:02","system","1","七天全额阶梯计息"
"256510","RZ20170718001","0.008000","637.0624","2388984.0000","2017-07-27","2017-07-27 23:50:02","system","1","七天全额阶梯计息"
"256509","RZ20170718001","0.008000","637.0624","2388984.0000","2017-07-26","2017-07-27 13:29:23","system","1","七天全额阶梯计息"
"256508","RZ20170718001","0.008000","637.0624","2388984.0000","2017-07-25","2017-07-27 13:29:23","system","1","七天全额阶梯计息"
"256507","RZ20170718001","0.008000","4459.4368","2388984.0000","2017-07-18","2017-07-27 13:29:23","system","1","七天全额阶梯计息"
"245561","RZ20170717005","0.006000","6634.2276","2738734.0000","2017-07-17","2017-07-17 23:50:04","system","1","七天全额计息"
"247071","RZ20170717004","","15015.0000","4738734.0000","2017-07-19","2017-07-19 10:13:39","system","1","固定利息"
"257179","RZ20170717003","0.008000","420.0000","1575000.0000","2017-07-28","2017-07-28 18:30:02","system","1","七天全额计息"
"257178","RZ20170717003","0.008000","546.0000","2047500.0000","2017-07-27","2017-07-28 14:55:03","system","1","七天全额计息"
"257177","RZ20170717003","0.008000","4704.0000","2520000.0000","2017-07-20","2017-07-28 14:55:03","system","1","七天全额计息"
"245560","RZ20170717002","","15015.0000","4738734.0000","2017-07-17","2017-07-17 15:01:54","system","1","固定利息"
"257005","RZ20170717001","0.006000","491.2000","2456000.0000","2017-07-28","2017-07-28 18:30:02","system","1","七天全额计息"
"256372","RZ20170717001","0.006000","491.2000","2456000.0000","2017-07-27","2017-07-27 23:50:02","system","1","七天全额计息"
"254932","RZ20170717001","0.006000","491.2000","2456000.0000","2017-07-26","2017-07-26 23:50:03","system","1","七天全额计息"
"253484","RZ20170717001","0.006000","491.2000","2456000.0000","2017-07-25","2017-07-25 23:50:03","system","1","七天全额计息"
"251126","RZ20170717001","0.006000","491.2000","2456000.0000","2017-07-24","2017-07-24 23:50:04","system","1","七天全额计息"
"244757","RZ20170717001","0.006000","3438.4000","2456000.0000","2017-07-17","2017-07-17 23:50:04","system","1","七天全额计息"
"256486","RZ20170714001","0.007000","103.6000","444000.0000","2017-07-26","2017-07-27 11:28:36","system","1","七天全额计息"
"256485","RZ20170714001","0.007000","103.6000","444000.0000","2017-07-25","2017-07-27 11:28:36","system","1","七天全额计息"
"256484","RZ20170714001","0.007000","103.6000","444000.0000","2017-07-24","2017-07-27 11:28:36","system","1","七天全额计息"
"256483","RZ20170714001","0.007000","103.6000","444000.0000","2017-07-23","2017-07-27 11:28:36","system","1","七天全额计息"
"256482","RZ20170714001","0.007000","103.6000","444000.0000","2017-07-22","2017-07-27 11:28:36","system","1","七天全额计息"
"256481","RZ20170714001","0.007000","103.6000","444000.0000","2017-07-21","2017-07-27 11:28:36","system","1","七天全额计息"
"256480","RZ20170714001","0.007000","1215.2000","744000.0000","2017-07-14","2017-07-27 11:28:36","system","1","七天全额计息"
"256479","RZ20170713003","0.010000","148.0000","444000.0000","2017-07-26","2017-07-27 11:28:36","system","1","七天全额计息"
"256478","RZ20170713003","0.010000","148.0000","444000.0000","2017-07-25","2017-07-27 11:28:36","system","1","七天全额计息"
"256477","RZ20170713003","0.010000","148.0000","444000.0000","2017-07-24","2017-07-27 11:28:36","system","1","七天全额计息"
"256476","RZ20170713003","0.010000","148.0000","444000.0000","2017-07-23","2017-07-27 11:28:36","system","1","七天全额计息"
"256475","RZ20170713003","0.010000","148.0000","444000.0000","2017-07-22","2017-07-27 11:28:36","system","1","七天全额计息"
"256474","RZ20170713003","0.010000","148.0000","444000.0000","2017-07-21","2017-07-27 11:28:36","system","1","七天全额计息"
"256473","RZ20170713003","0.010000","1736.0000","744000.0000","2017-07-14","2017-07-27 11:28:36","system","1","七天全额计息"
"257498","RZ20170713002","0.010000","259.2720","777816.0000","2017-07-28","2017-07-28 15:43:13","system","1","按天计息"
"257497","RZ20170713002","0.008000","239.3280","897480.0000","2017-07-27","2017-07-28 15:43:13","system","1","七天全额阶梯计息"
"257496","RZ20170713002","0.008000","271.2384","1017144.0000","2017-07-26","2017-07-28 15:43:13","system","1","七天全额阶梯计息"
"257495","RZ20170713002","0.008000","271.2384","1017144.0000","2017-07-25","2017-07-28 15:43:13","system","1","七天全额阶梯计息"
"257494","RZ20170713002","0.008000","303.1488","1136808.0000","2017-07-24","2017-07-28 15:43:13","system","1","七天全额阶梯计息"
"257493","RZ20170713002","0.008000","303.1488","1136808.0000","2017-07-23","2017-07-28 15:43:13","system","1","七天全额阶梯计息"
"257492","RZ20170713002","0.008000","303.1488","1136808.0000","2017-07-22","2017-07-28 15:43:13","system","1","七天全额阶梯计息"
"257491","RZ20170713002","0.008000","303.1488","1136808.0000","2017-07-21","2017-07-28 15:43:13","system","1","七天全额阶梯计息"
"257490","RZ20170713002","0.008000","366.9696","1376136.0000","2017-07-20","2017-07-28 15:43:13","system","1","七天全额阶梯计息"
"257489","RZ20170713002","0.008000","2680.4736","1435968.0000","2017-07-13","2017-07-28 15:43:13","system","1","七天全额阶梯计息"
"257004","RZ20170713001","0.006000","1216.0000","6080000.0000","2017-07-28","2017-07-28 18:30:02","system","1","七天全额计息"
"256368","RZ20170713001","0.006000","1216.0000","6080000.0000","2017-07-27","2017-07-27 23:50:02","system","1","七天全额计息"
"254928","RZ20170713001","0.006000","1216.0000","6080000.0000","2017-07-26","2017-07-26 23:50:03","system","1","七天全额计息"
"253480","RZ20170713001","0.006000","1216.0000","6080000.0000","2017-07-25","2017-07-25 23:50:03","system","1","七天全额计息"
"251122","RZ20170713001","0.006000","1216.0000","6080000.0000","2017-07-24","2017-07-24 23:50:04","system","1","七天全额计息"
"250997","RZ20170713001","0.006000","1216.0000","6080000.0000","2017-07-23","2017-07-23 23:50:04","system","1","七天全额计息"
"250873","RZ20170713001","0.006000","1216.0000","6080000.0000","2017-07-22","2017-07-22 23:50:03","system","1","七天全额计息"
"249557","RZ20170713001","0.006000","1216.0000","6080000.0000","2017-07-21","2017-07-21 23:50:03","system","1","七天全额计息"
"243513","RZ20170713001","0.006000","8512.0000","6080000.0000","2017-07-14","2017-07-14 23:50:04","system","1","七天全额计息"
"255285","RZ20170712015","0.007000","65.9232","282528.0000","2017-07-25","2017-07-26 10:50:25","system","1","七天全额计息"
"255284","RZ20170712015","0.007000","109.7410","470318.4000","2017-07-24","2017-07-26 10:50:25","system","1","七天全额计息"
"255283","RZ20170712015","0.007000","174.3034","747014.4000","2017-07-23","2017-07-26 10:50:25","system","1","七天全额计息"
"255282","RZ20170712015","0.007000","174.3034","747014.4000","2017-07-22","2017-07-26 10:50:25","system","1","七天全额计息"
"255281","RZ20170712015","0.007000","174.3034","747014.4000","2017-07-21","2017-07-26 10:50:25","system","1","七天全额计息"
"255280","RZ20170712015","0.007000","342.0346","1465862.4000","2017-07-20","2017-07-26 10:50:25","system","1","七天全额计息"
"255279","RZ20170712015","0.007000","413.8042","1773446.4000","2017-07-19","2017-07-26 10:50:25","system","1","七天全额计息"
"255278","RZ20170712015","0.007000","3607.0272","2208384.0000","2017-07-12","2017-07-26 10:50:25","system","1","七天全额计息"
"255943","RZ20170712014","0.010000","94.1760","282528.0000","2017-07-25","2017-07-26 14:03:57","system","1","七天全额计息"
"255942","RZ20170712014","0.010000","156.7728","470318.4000","2017-07-24","2017-07-26 14:03:57","system","1","七天全额计息"
"255941","RZ20170712014","0.010000","249.0048","747014.4000","2017-07-23","2017-07-26 14:03:57","system","1","七天全额计息"
"255940","RZ20170712014","0.010000","249.0048","747014.4000","2017-07-22","2017-07-26 14:03:57","system","1","七天全额计息"
"255939","RZ20170712014","0.010000","249.0048","747014.4000","2017-07-21","2017-07-26 14:03:57","system","1","七天全额计息"
"255938","RZ20170712014","0.010000","488.6208","1465862.4000","2017-07-20","2017-07-26 14:03:57","system","1","七天全额计息"
"255937","RZ20170712014","0.010000","591.1488","1773446.4000","2017-07-19","2017-07-26 14:03:57","system","1","七天全额计息"
"255936","RZ20170712014","0.010000","5152.8960","2208384.0000","2017-07-12","2017-07-26 14:03:57","system","1","七天全额计息"
"257206","RZ20170712013","0.006000","162.7290","813645.0000","2017-07-20","2017-07-28 15:22:54","system","1","七天全额计息"
"257205","RZ20170712013","0.006000","205.5816","1027908.0000","2017-07-19","2017-07-28 15:22:54","system","1","七天全额计息"
"257204","RZ20170712013","0.006000","2638.9440","1884960.0000","2017-07-12","2017-07-28 15:22:54","system","1","七天全额计息"
"256505","RZ20170712012","0.007000","190.9352","818293.7000","2017-07-26","2017-07-27 11:37:19","system","1","七天全额计息"
"256504","RZ20170712012","0.007000","190.9352","818293.7000","2017-07-25","2017-07-27 11:37:19","system","1","七天全额计息"
"256503","RZ20170712012","0.007000","249.2685","1068293.7000","2017-07-24","2017-07-27 11:37:19","system","1","七天全额计息"
"256502","RZ20170712012","0.007000","249.2685","1068293.7000","2017-07-23","2017-07-27 11:37:19","system","1","七天全额计息"
"256501","RZ20170712012","0.007000","249.2685","1068293.7000","2017-07-22","2017-07-27 11:37:19","system","1","七天全额计息"
"256500","RZ20170712012","0.007000","249.2685","1068293.7000","2017-07-21","2017-07-27 11:37:19","system","1","七天全额计息"
"256499","RZ20170712012","0.007000","354.2685","1518293.7000","2017-07-20","2017-07-27 11:37:19","system","1","七天全额计息"
"256498","RZ20170712012","0.007000","354.2685","1518293.7000","2017-07-19","2017-07-27 11:37:19","system","1","七天全额计息"
"256497","RZ20170712012","0.007000","2479.8797","1518293.7000","2017-07-12","2017-07-27 11:37:19","system","1","七天全额计息"
"257003","RZ20170712011","0.006000","84.9053","424526.4000","2017-07-28","2017-07-28 18:30:02","system","1","七天全额计息"
"256367","RZ20170712011","0.006000","84.9053","424526.4000","2017-07-27","2017-07-27 23:50:02","system","1","七天全额计息"
"254924","RZ20170712011","0.006000","84.9053","424526.4000","2017-07-26","2017-07-26 23:50:02","system","1","七天全额计息"
"253475","RZ20170712011","0.006000","84.9053","424526.4000","2017-07-25","2017-07-25 23:50:03","system","1","七天全额计息"
"251117","RZ20170712011","0.006000","84.9053","424526.4000","2017-07-24","2017-07-24 23:50:03","system","1","七天全额计息"
"250992","RZ20170712011","0.006000","84.9053","424526.4000","2017-07-23","2017-07-23 23:50:03","system","1","七天全额计息"
"250868","RZ20170712011","0.006000","84.9053","424526.4000","2017-07-22","2017-07-22 23:50:03","system","1","七天全额计息"
"249552","RZ20170712011","0.006000","84.9053","424526.4000","2017-07-21","2017-07-21 23:50:03","system","1","七天全额计息"
"248103","RZ20170712011","0.006000","84.9053","424526.4000","2017-07-20","2017-07-20 23:50:04","system","1","七天全额计息"
"246648","RZ20170712011","0.006000","84.9053","424526.4000","2017-07-19","2017-07-19 23:50:04","system","1","七天全额计息"
"244158","RZ20170712011","0.006000","594.3370","424526.4000","2017-07-12","2017-07-14 15:57:53","system","1","七天全额计息"
"251116","RZ20170712010","0.007000","152.2080","652320.0000","2017-07-24","2017-07-24 23:50:03","system","1","七天全额计息"
"250991","RZ20170712010","0.007000","152.2080","652320.0000","2017-07-23","2017-07-23 23:50:03","system","1","七天全额计息"
"250867","RZ20170712010","0.007000","152.2080","652320.0000","2017-07-22","2017-07-22 23:50:03","system","1","七天全额计息"
"249551","RZ20170712010","0.007000","152.2080","652320.0000","2017-07-21","2017-07-21 23:50:03","system","1","七天全额计息"
"248102","RZ20170712010","0.007000","152.2080","652320.0000","2017-07-20","2017-07-20 23:50:04","system","1","七天全额计息"
"246647","RZ20170712010","0.007000","152.2080","652320.0000","2017-07-19","2017-07-19 23:50:04","system","1","七天全额计息"
"242258","RZ20170712010","0.007000","1555.4560","952320.0000","2017-07-12","2017-07-12 23:50:04","system","1","七天全额计息"
"257203","RZ20170712008","0.008000","216.9720","813645.0000","2017-07-20","2017-07-28 15:22:54","system","1","七天全额阶梯计息"
"257202","RZ20170712008","0.008000","274.1088","1027908.0000","2017-07-19","2017-07-28 15:22:54","system","1","七天全额阶梯计息"
"257201","RZ20170712008","0.008000","3518.5920","1884960.0000","2017-07-12","2017-07-28 15:22:54","system","1","七天全额阶梯计息"
"256654","RZ20170712006","0.010000","272.7646","818293.7000","2017-07-26","2017-07-27 14:16:44","system","1","七天全额计息"
"256653","RZ20170712006","0.010000","272.7646","818293.7000","2017-07-25","2017-07-27 14:16:44","system","1","七天全额计息"
"256652","RZ20170712006","0.010000","356.0979","1068293.7000","2017-07-24","2017-07-27 14:16:44","system","1","七天全额计息"
"256651","RZ20170712006","0.010000","356.0979","1068293.7000","2017-07-23","2017-07-27 14:16:44","system","1","七天全额计息"
"256650","RZ20170712006","0.010000","356.0979","1068293.7000","2017-07-22","2017-07-27 14:16:44","system","1","七天全额计息"
"256649","RZ20170712006","0.010000","356.0979","1068293.7000","2017-07-21","2017-07-27 14:16:44","system","1","七天全额计息"
"256648","RZ20170712006","0.010000","506.0979","1518293.7000","2017-07-20","2017-07-27 14:16:44","system","1","七天全额计息"
"256647","RZ20170712006","0.010000","506.0979","1518293.7000","2017-07-19","2017-07-27 14:16:44","system","1","七天全额计息"
"256646","RZ20170712006","0.010000","3542.6853","1518293.7000","2017-07-12","2017-07-27 14:16:44","system","1","七天全额计息"
"254020","RZ20170712005","0.010000","217.4400","652320.0000","2017-07-24","2017-07-25 11:32:41","system","1","七天全额计息"
"254019","RZ20170712005","0.010000","217.4400","652320.0000","2017-07-23","2017-07-25 11:32:41","system","1","七天全额计息"
"254018","RZ20170712005","0.010000","217.4400","652320.0000","2017-07-22","2017-07-25 11:32:41","system","1","七天全额计息"
"254017","RZ20170712005","0.010000","217.4400","652320.0000","2017-07-21","2017-07-25 11:32:41","system","1","七天全额计息"
"254016","RZ20170712005","0.010000","217.4400","652320.0000","2017-07-20","2017-07-25 11:32:41","system","1","七天全额计息"
"254015","RZ20170712005","0.010000","217.4400","652320.0000","2017-07-19","2017-07-25 11:32:41","system","1","七天全额计息"
"254014","RZ20170712005","0.010000","2222.0800","952320.0000","2017-07-12","2017-07-25 11:32:41","system","1","七天全额计息"
"251236","RZ20170712004","0.006000","3.7965","18982.4000","2017-07-23","2017-07-24 09:49:28","system","1","七天全额计息"
"251235","RZ20170712004","0.006000","3.7965","18982.4000","2017-07-22","2017-07-24 09:49:28","system","1","七天全额计息"
"251234","RZ20170712004","0.006000","3.7965","18982.4000","2017-07-21","2017-07-24 09:49:28","system","1","七天全额计息"
"251233","RZ20170712004","0.006000","3.7965","18982.4000","2017-07-20","2017-07-24 09:49:28","system","1","七天全额计息"
"251232","RZ20170712004","0.006000","3.7965","18982.4000","2017-07-19","2017-07-24 09:49:28","system","1","七天全额计息"
"251231","RZ20170712004","0.006000","1426.5754","1018982.4000","2017-07-12","2017-07-24 09:49:28","system","1","七天全额计息"
"257002","RZ20170712003","0.006000","360.0000","1800000.0000","2017-07-28","2017-07-28 18:30:02","system","1","七天全额计息"
"256366","RZ20170712003","0.006000","360.0000","1800000.0000","2017-07-27","2017-07-27 23:50:02","system","1","七天全额计息"
"254922","RZ20170712003","0.006000","360.0000","1800000.0000","2017-07-26","2017-07-26 23:50:02","system","1","七天全额计息"
"253470","RZ20170712003","0.006000","360.0000","1800000.0000","2017-07-25","2017-07-25 23:50:03","system","1","七天全额计息"
"251111","RZ20170712003","0.006000","360.0000","1800000.0000","2017-07-24","2017-07-24 23:50:03","system","1","七天全额计息"
"250986","RZ20170712003","0.006000","360.0000","1800000.0000","2017-07-23","2017-07-23 23:50:03","system","1","七天全额计息"
"250862","RZ20170712003","0.006000","360.0000","1800000.0000","2017-07-22","2017-07-22 23:50:03","system","1","七天全额计息"
"249546","RZ20170712003","0.006000","360.0000","1800000.0000","2017-07-21","2017-07-21 23:50:03","system","1","七天全额计息"
"248097","RZ20170712003","0.006000","360.0000","1800000.0000","2017-07-20","2017-07-20 23:50:03","system","1","七天全额计息"
"246642","RZ20170712003","0.006000","360.0000","1800000.0000","2017-07-19","2017-07-19 23:50:04","system","1","七天全额计息"
"241992","RZ20170712003","0.006000","2520.0000","1800000.0000","2017-07-12","2017-07-12 23:50:04","system","1","七天全额计息"
"257001","RZ20170712002","0.006000","299.9920","1499960.0000","2017-07-28","2017-07-28 18:30:02","system","1","七天全额计息"
"256365","RZ20170712002","0.006000","299.9920","1499960.0000","2017-07-27","2017-07-27 23:50:02","system","1","七天全额计息"
"254921","RZ20170712002","0.006000","299.9920","1499960.0000","2017-07-26","2017-07-26 23:50:02","system","1","七天全额计息"
"253469","RZ20170712002","0.006000","360.0000","1800000.0000","2017-07-25","2017-07-25 23:50:03","system","1","七天全额计息"
"251110","RZ20170712002","0.006000","360.0000","1800000.0000","2017-07-24","2017-07-24 23:50:03","system","1","七天全额计息"
"250985","RZ20170712002","0.006000","360.0000","1800000.0000","2017-07-23","2017-07-23 23:50:03","system","1","七天全额计息"
"250861","RZ20170712002","0.006000","360.0000","1800000.0000","2017-07-22","2017-07-22 23:50:03","system","1","七天全额计息"
"249545","RZ20170712002","0.006000","360.0000","1800000.0000","2017-07-21","2017-07-21 23:50:03","system","1","七天全额计息"
"248096","RZ20170712002","0.006000","360.0000","1800000.0000","2017-07-20","2017-07-20 23:50:03","system","1","七天全额计息"
"246641","RZ20170712002","0.006000","360.0000","1800000.0000","2017-07-19","2017-07-19 23:50:04","system","1","七天全额计息"
"241991","RZ20170712002","0.006000","2520.0000","1800000.0000","2017-07-12","2017-07-12 23:50:04","system","1","七天全额计息"
"257000","RZ20170712001","0.006000","4012.8000","20064000.0000","2017-07-28","2017-07-28 18:30:02","system","1","七天全额计息"
"256364","RZ20170712001","0.006000","4012.8000","20064000.0000","2017-07-27","2017-07-27 23:50:02","system","1","七天全额计息"
"254920","RZ20170712001","0.006000","4012.8000","20064000.0000","2017-07-26","2017-07-26 23:50:02","system","1","七天全额计息"
"253468","RZ20170712001","0.006000","4012.8000","20064000.0000","2017-07-25","2017-07-25 23:50:03","system","1","七天全额计息"
"251109","RZ20170712001","0.006000","4012.8000","20064000.0000","2017-07-24","2017-07-24 23:50:03","system","1","七天全额计息"
"250984","RZ20170712001","0.006000","4012.8000","20064000.0000","2017-07-23","2017-07-23 23:50:03","system","1","七天全额计息"
"250860","RZ20170712001","0.006000","4012.8000","20064000.0000","2017-07-22","2017-07-22 23:50:03","system","1","七天全额计息"
"249544","RZ20170712001","0.006000","4012.8000","20064000.0000","2017-07-21","2017-07-21 23:50:03","system","1","七天全额计息"
"248095","RZ20170712001","0.006000","4012.8000","20064000.0000","2017-07-20","2017-07-20 23:50:03","system","1","七天全额计息"
"246640","RZ20170712001","0.006000","4012.8000","20064000.0000","2017-07-19","2017-07-19 23:50:04","system","1","七天全额计息"
"241974","RZ20170712001","0.006000","28089.6000","20064000.0000","2017-07-12","2017-07-12 23:50:04","system","1","七天全额计息"
"251230","RZ20170711024","0.008000","5.0620","18982.4000","2017-07-23","2017-07-24 09:49:28","system","1","七天全额阶梯计息"
"251229","RZ20170711024","0.008000","5.0620","18982.4000","2017-07-22","2017-07-24 09:49:28","system","1","七天全额阶梯计息"
"251228","RZ20170711024","0.008000","5.0620","18982.4000","2017-07-21","2017-07-24 09:49:28","system","1","七天全额阶梯计息"
"251227","RZ20170711024","0.008000","5.0620","18982.4000","2017-07-20","2017-07-24 09:49:28","system","1","七天全额阶梯计息"
"251226","RZ20170711024","0.008000","5.0620","18982.4000","2017-07-19","2017-07-24 09:49:28","system","1","七天全额阶梯计息"
"251225","RZ20170711024","0.008000","1902.1005","1018982.4000","2017-07-12","2017-07-24 09:49:28","system","1","七天全额阶梯计息"
"255799","RZ20170711023","0.006000","46.8608","234304.0000","2017-07-23","2017-07-26 13:49:24","system","1","七天全额计息"
"255798","RZ20170711023","0.006000","46.8608","234304.0000","2017-07-22","2017-07-26 13:49:24","system","1","七天全额计息"
"255797","RZ20170711023","0.006000","46.8608","234304.0000","2017-07-21","2017-07-26 13:49:24","system","1","七天全额计息"
"255796","RZ20170711023","0.006000","181.4198","907099.2000","2017-07-20","2017-07-26 13:49:24","system","1","七天全额计息"
"255795","RZ20170711023","0.006000","229.1789","1145894.4000","2017-07-19","2017-07-26 13:49:24","system","1","七天全额计息"
"255794","RZ20170711023","0.006000","1604.2522","1145894.4000","2017-07-12","2017-07-26 13:49:24","system","1","七天全额计息"
"254919","RZ20170711022","0.006000","227.5661","1137830.4000","2017-07-26","2017-07-26 23:50:02","system","1","七天全额计息"
"253467","RZ20170711022","0.006000","227.5661","1137830.4000","2017-07-25","2017-07-25 23:50:03","system","1","七天全额计息"
"251106","RZ20170711022","0.006000","227.5661","1137830.4000","2017-07-24","2017-07-24 23:50:03","system","1","七天全额计息"
"250981","RZ20170711022","0.006000","227.5661","1137830.4000","2017-07-23","2017-07-23 23:50:03","system","1","七天全额计息"
"250857","RZ20170711022","0.006000","227.5661","1137830.4000","2017-07-22","2017-07-22 23:50:03","system","1","七天全额计息"
"249541","RZ20170711022","0.006000","227.5661","1137830.4000","2017-07-21","2017-07-21 23:50:03","system","1","七天全额计息"
"248092","RZ20170711022","0.006000","227.5661","1137830.4000","2017-07-20","2017-07-20 23:50:03","system","1","七天全额计息"
"246637","RZ20170711022","0.006000","227.5661","1137830.4000","2017-07-19","2017-07-19 23:50:04","system","1","七天全额计息"
"241947","RZ20170711022","0.006000","1592.9626","1137830.4000","2017-07-12","2017-07-12 23:50:04","system","1","七天全额计息"
"257096","RZ20170711021","0.006000","65.1355","325677.6800","2017-07-27","2017-07-28 13:05:44","system","1","七天全额计息"
"257095","RZ20170711021","0.006000","65.1355","325677.6800","2017-07-26","2017-07-28 13:05:44","system","1","七天全额计息"
"257094","RZ20170711021","0.006000","95.1355","475677.6800","2017-07-25","2017-07-28 13:05:44","system","1","七天全额计息"
"257093","RZ20170711021","0.006000","115.1355","575677.6800","2017-07-24","2017-07-28 13:05:44","system","1","七天全额计息"
"257092","RZ20170711021","0.006000","115.1355","575677.6800","2017-07-23","2017-07-28 13:05:44","system","1","七天全额计息"
"257091","RZ20170711021","0.006000","115.1355","575677.6800","2017-07-22","2017-07-28 13:05:44","system","1","七天全额计息"
"257090","RZ20170711021","0.006000","115.1355","575677.6800","2017-07-21","2017-07-28 13:05:44","system","1","七天全额计息"
"257089","RZ20170711021","0.006000","115.1355","575677.6800","2017-07-20","2017-07-28 13:05:44","system","1","七天全额计息"
"257088","RZ20170711021","0.006000","115.1355","575677.6800","2017-07-19","2017-07-28 13:05:44","system","1","七天全额计息"
"257087","RZ20170711021","0.006000","153.4939","767469.6000","2017-07-18","2017-07-28 13:05:44","system","1","七天全额计息"
"257086","RZ20170711021","0.006000","1432.6099","1023292.8000","2017-07-11","2017-07-28 13:05:43","system","1","七天全额计息"
"256205","RZ20170711020","0.006000","114.4000","572000.0000","2017-07-25","2017-07-26 16:51:24","system","1","七天全额计息"
"256204","RZ20170711020","0.006000","572.4000","2862000.0000","2017-07-24","2017-07-26 16:51:24","system","1","七天全额计息"
"256203","RZ20170711020","0.006000","572.4000","2862000.0000","2017-07-23","2017-07-26 16:51:24","system","1","七天全额计息"
"256202","RZ20170711020","0.006000","572.4000","2862000.0000","2017-07-22","2017-07-26 16:51:24","system","1","七天全额计息"
"256201","RZ20170711020","0.006000","572.4000","2862000.0000","2017-07-21","2017-07-26 16:51:24","system","1","七天全额计息"
"256200","RZ20170711020","0.006000","572.4000","2862000.0000","2017-07-20","2017-07-26 16:51:24","system","1","七天全额计息"
"256199","RZ20170711020","0.006000","572.4000","2862000.0000","2017-07-19","2017-07-26 16:51:24","system","1","七天全额计息"
"256198","RZ20170711020","0.006000","572.4000","2862000.0000","2017-07-18","2017-07-26 16:51:24","system","1","七天全额计息"
"256197","RZ20170711020","0.006000","4006.8000","2862000.0000","2017-07-11","2017-07-26 16:51:24","system","1","七天全额计息"
"257454","RZ20170711019","0.010000","108.5592","325677.6800","2017-07-27","2017-07-28 15:29:40","system","1","七天全额阶梯计息"
"257453","RZ20170711019","0.010000","108.5592","325677.6800","2017-07-26","2017-07-28 15:29:40","system","1","七天全额阶梯计息"
"257452","RZ20170711019","0.008000","126.8474","475677.6800","2017-07-25","2017-07-28 15:29:40","system","1","七天全额阶梯计息"
"257451","RZ20170711019","0.008000","153.5140","575677.6800","2017-07-24","2017-07-28 15:29:40","system","1","七天全额阶梯计息"
"257450","RZ20170711019","0.008000","153.5140","575677.6800","2017-07-23","2017-07-28 15:29:40","system","1","七天全额阶梯计息"
"257449","RZ20170711019","0.008000","153.5140","575677.6800","2017-07-22","2017-07-28 15:29:40","system","1","七天全额阶梯计息"
"257448","RZ20170711019","0.008000","153.5140","575677.6800","2017-07-21","2017-07-28 15:29:40","system","1","七天全额阶梯计息"
"257447","RZ20170711019","0.008000","153.5140","575677.6800","2017-07-20","2017-07-28 15:29:40","system","1","七天全额阶梯计息"
"257446","RZ20170711019","0.008000","153.5140","575677.6800","2017-07-19","2017-07-28 15:29:40","system","1","七天全额阶梯计息"
"257445","RZ20170711019","0.008000","204.6586","767469.6000","2017-07-18","2017-07-28 15:29:40","system","1","七天全额阶梯计息"
"257444","RZ20170711019","0.008000","1910.1466","1023292.8000","2017-07-11","2017-07-28 15:29:40","system","1","七天全额阶梯计息"
"248336","RZ20170711018","0.006000","100.9198","504599.0400","2017-07-19","2017-07-20 09:29:43","system","1","七天全额计息"
"248335","RZ20170711018","0.006000","100.9198","504599.0400","2017-07-18","2017-07-20 09:29:43","system","1","七天全额计息"
"248334","RZ20170711018","0.006000","706.4387","504599.0400","2017-07-11","2017-07-20 09:29:43","system","1","七天全额计息"
"257572","RZ20170711017","0.010000","20.6640","61992.0000","2017-07-27","2017-07-28 15:45:39","system","1","按天计息"
"257571","RZ20170711017","0.010000","20.6640","61992.0000","2017-07-26","2017-07-28 15:45:39","system","1","按天计息"
"257570","RZ20170711017","0.008000","16.5312","61992.0000","2017-07-25","2017-07-28 15:45:39","system","1","七天全额阶梯计息"
"257569","RZ20170711017","0.008000","66.1248","247968.0000","2017-07-24","2017-07-28 15:45:39","system","1","七天全额阶梯计息"
"257568","RZ20170711017","0.008000","66.1248","247968.0000","2017-07-23","2017-07-28 15:45:39","system","1","七天全额阶梯计息"
"257567","RZ20170711017","0.008000","66.1248","247968.0000","2017-07-22","2017-07-28 15:45:39","system","1","七天全额阶梯计息"
"257566","RZ20170711017","0.008000","66.1248","247968.0000","2017-07-21","2017-07-28 15:45:39","system","1","七天全额阶梯计息"
"257565","RZ20170711017","0.008000","66.1248","247968.0000","2017-07-20","2017-07-28 15:45:39","system","1","七天全额阶梯计息"
"257564","RZ20170711017","0.008000","66.1248","247968.0000","2017-07-19","2017-07-28 15:45:39","system","1","七天全额阶梯计息"
"257563","RZ20170711017","0.008000","66.1248","247968.0000","2017-07-18","2017-07-28 15:45:39","system","1","七天全额阶梯计息"
"257562","RZ20170711017","0.008000","462.8736","247968.0000","2017-07-11","2017-07-28 15:45:39","system","1","七天全额阶梯计息"
"251212","RZ20170711016","0.006000","37.2493","186246.4000","2017-07-23","2017-07-24 09:28:55","system","1","七天全额计息"
"251211","RZ20170711016","0.006000","37.2493","186246.4000","2017-07-22","2017-07-24 09:28:55","system","1","七天全额计息"
"251210","RZ20170711016","0.006000","37.2493","186246.4000","2017-07-21","2017-07-24 09:28:55","system","1","七天全额计息"
"251209","RZ20170711016","0.006000","37.2493","186246.4000","2017-07-20","2017-07-24 09:28:55","system","1","七天全额计息"
"251208","RZ20170711016","0.006000","137.2493","686246.4000","2017-07-19","2017-07-24 09:28:55","system","1","七天全额计息"
"251207","RZ20170711016","0.006000","137.2493","686246.4000","2017-07-18","2017-07-24 09:28:55","system","1","七天全额计息"
"251206","RZ20170711016","0.006000","960.7450","686246.4000","2017-07-11","2017-07-24 09:28:55","system","1","七天全额计息"
"251205","RZ20170711014","0.008000","49.6657","186246.4000","2017-07-23","2017-07-24 09:28:55","system","1","七天全额阶梯计息"
"251204","RZ20170711014","0.008000","49.6657","186246.4000","2017-07-22","2017-07-24 09:28:55","system","1","七天全额阶梯计息"
"251203","RZ20170711014","0.008000","49.6657","186246.4000","2017-07-21","2017-07-24 09:28:55","system","1","七天全额阶梯计息"
"251202","RZ20170711014","0.008000","49.6657","186246.4000","2017-07-20","2017-07-24 09:28:55","system","1","七天全额阶梯计息"
"251201","RZ20170711014","0.008000","182.9990","686246.4000","2017-07-19","2017-07-24 09:28:55","system","1","七天全额阶梯计息"
"251200","RZ20170711014","0.008000","182.9990","686246.4000","2017-07-18","2017-07-24 09:28:55","system","1","七天全额阶梯计息"
"251199","RZ20170711014","0.008000","1280.9933","686246.4000","2017-07-11","2017-07-24 09:28:55","system","1","七天全额阶梯计息"
"248333","RZ20170711013","0.008000","134.5597","504599.0400","2017-07-19","2017-07-20 09:29:43","system","1","七天全额阶梯计息"
"248332","RZ20170711013","0.008000","134.5597","504599.0400","2017-07-18","2017-07-20 09:29:43","system","1","七天全额阶梯计息"
"248331","RZ20170711013","0.008000","941.9182","504599.0400","2017-07-11","2017-07-20 09:29:43","system","1","七天全额阶梯计息"
"257594","RZ20170711011","0.010000","63.1232","189369.6000","2017-07-28","2017-07-28 16:34:00","system","1","按天计息"
"257593","RZ20170711011","0.010000","221.2000","663600.0000","2017-07-27","2017-07-28 16:34:00","system","1","按天计息"
"257592","RZ20170711011","0.008000","303.4214","1137830.4000","2017-07-26","2017-07-28 16:34:00","system","1","七天全额阶梯计息"
"257591","RZ20170711011","0.008000","303.4214","1137830.4000","2017-07-25","2017-07-28 16:34:00","system","1","七天全额阶梯计息"
"257590","RZ20170711011","0.008000","303.4214","1137830.4000","2017-07-24","2017-07-28 16:34:00","system","1","七天全额阶梯计息"
"257589","RZ20170711011","0.008000","303.4214","1137830.4000","2017-07-23","2017-07-28 16:34:00","system","1","七天全额阶梯计息"
"257588","RZ20170711011","0.008000","303.4214","1137830.4000","2017-07-22","2017-07-28 16:34:00","system","1","七天全额阶梯计息"
"257587","RZ20170711011","0.008000","303.4214","1137830.4000","2017-07-21","2017-07-28 16:34:00","system","1","七天全额阶梯计息"
"257586","RZ20170711011","0.008000","303.4214","1137830.4000","2017-07-20","2017-07-28 16:34:00","system","1","七天全额阶梯计息"
"257585","RZ20170711011","0.008000","303.4214","1137830.4000","2017-07-19","2017-07-28 16:34:00","system","1","七天全额阶梯计息"
"257584","RZ20170711011","0.008000","2123.9501","1137830.4000","2017-07-12","2017-07-28 16:34:00","system","1","七天全额阶梯计息"
"247530","RZ20170711010","0.006000","95.3208","476604.0000","2017-07-18","2017-07-19 15:33:30","system","1","七天全额计息"
"247529","RZ20170711010","0.006000","754.0646","538617.6000","2017-07-11","2017-07-19 15:33:30","system","1","七天全额计息"
"256196","RZ20170711009","0.008000","152.5333","572000.0000","2017-07-25","2017-07-26 16:51:23","system","1","七天全额阶梯计息"
"256195","RZ20170711009","0.008000","763.2000","2862000.0000","2017-07-24","2017-07-26 16:51:23","system","1","七天全额阶梯计息"
"256194","RZ20170711009","0.008000","763.2000","2862000.0000","2017-07-23","2017-07-26 16:51:23","system","1","七天全额阶梯计息"
"256193","RZ20170711009","0.008000","763.2000","2862000.0000","2017-07-22","2017-07-26 16:51:23","system","1","七天全额阶梯计息"
"256192","RZ20170711009","0.008000","763.2000","2862000.0000","2017-07-21","2017-07-26 16:51:23","system","1","七天全额阶梯计息"
"256191","RZ20170711009","0.008000","763.2000","2862000.0000","2017-07-20","2017-07-26 16:51:23","system","1","七天全额阶梯计息"
"256190","RZ20170711009","0.008000","763.2000","2862000.0000","2017-07-19","2017-07-26 16:51:23","system","1","七天全额阶梯计息"
"256189","RZ20170711009","0.008000","763.2000","2862000.0000","2017-07-18","2017-07-26 16:51:23","system","1","七天全额阶梯计息"
"256188","RZ20170711009","0.008000","5342.4000","2862000.0000","2017-07-11","2017-07-26 16:51:23","system","1","七天全额阶梯计息"
"245563","RZ20170711008","0.006000","3859.5536","2756824.0000","2017-07-11","2017-07-17 15:24:50","system","1","七天全额计息"
"255793","RZ20170711007","0.008000","62.4811","234304.0000","2017-07-23","2017-07-26 13:49:24","system","1","七天全额阶梯计息"
"255792","RZ20170711007","0.008000","62.4811","234304.0000","2017-07-22","2017-07-26 13:49:24","system","1","七天全额阶梯计息"
"255791","RZ20170711007","0.008000","62.4811","234304.0000","2017-07-21","2017-07-26 13:49:24","system","1","七天全额阶梯计息"
"255790","RZ20170711007","0.008000","241.8931","907099.2000","2017-07-20","2017-07-26 13:49:24","system","1","七天全额阶梯计息"
"255789","RZ20170711007","0.008000","305.5718","1145894.4000","2017-07-19","2017-07-26 13:49:24","system","1","七天全额阶梯计息"
"255788","RZ20170711007","0.008000","2139.0029","1145894.4000","2017-07-12","2017-07-26 13:49:24","system","1","七天全额阶梯计息"
"245562","RZ20170711006","0.008000","5146.0715","2756824.0000","2017-07-11","2017-07-17 15:24:50","system","1","七天全额阶梯计息"
"247528","RZ20170711005","0.008000","127.0944","476604.0000","2017-07-18","2017-07-19 15:33:30","system","1","七天全额阶梯计息"
"247527","RZ20170711005","0.008000","1005.4195","538617.6000","2017-07-11","2017-07-19 15:33:30","system","1","七天全额阶梯计息"
"246089","RZ20170711004","0.006000","629.7984","449856.0000","2017-07-11","2017-07-18 13:57:44","system","1","七天全额计息"
"246088","RZ20170711003","0.008000","839.7312","449856.0000","2017-07-11","2017-07-18 13:57:44","system","1","七天全额阶梯计息"
"253582","RZ20170711002","0.008000","81.9717","307393.9200","2017-07-24","2017-07-25 10:42:56","system","1","七天全额阶梯计息"
"253581","RZ20170711002","0.008000","81.9717","307393.9200","2017-07-23","2017-07-25 10:42:56","system","1","七天全额阶梯计息"
"253580","RZ20170711002","0.008000","81.9717","307393.9200","2017-07-22","2017-07-25 10:42:56","system","1","七天全额阶梯计息"
"253579","RZ20170711002","0.008000","81.9717","307393.9200","2017-07-21","2017-07-25 10:42:56","system","1","七天全额阶梯计息"
"253578","RZ20170711002","0.008000","81.9717","307393.9200","2017-07-20","2017-07-25 10:42:56","system","1","七天全额阶梯计息"
"253577","RZ20170711002","0.008000","81.9717","307393.9200","2017-07-19","2017-07-25 10:42:56","system","1","七天全额阶梯计息"
"253576","RZ20170711002","0.008000","81.9717","307393.9200","2017-07-18","2017-07-25 10:42:56","system","1","七天全额阶梯计息"
"253575","RZ20170711002","0.008000","730.4049","391288.3200","2017-07-11","2017-07-25 10:42:56","system","1","七天全额阶梯计息"
"256997","RZ20170711001","0.010000","6688.0000","20064000.0000","2017-07-28","2017-07-28 18:30:02","system","1","七天全额阶梯计息"
"256361","RZ20170711001","0.010000","6688.0000","20064000.0000","2017-07-27","2017-07-27 23:50:02","system","1","七天全额阶梯计息"
"254915","RZ20170711001","0.008000","5350.4000","20064000.0000","2017-07-26","2017-07-26 23:50:02","system","1","七天全额阶梯计息"
"253459","RZ20170711001","0.008000","5350.4000","20064000.0000","2017-07-25","2017-07-25 23:50:02","system","1","七天全额阶梯计息"
"251095","RZ20170711001","0.008000","5350.4000","20064000.0000","2017-07-24","2017-07-24 23:50:03","system","1","七天全额阶梯计息"
"250970","RZ20170711001","0.008000","5350.4000","20064000.0000","2017-07-23","2017-07-23 23:50:03","system","1","七天全额阶梯计息"
"250846","RZ20170711001","0.008000","5350.4000","20064000.0000","2017-07-22","2017-07-22 23:50:02","system","1","七天全额阶梯计息"
"249530","RZ20170711001","0.008000","5350.4000","20064000.0000","2017-07-21","2017-07-21 23:50:02","system","1","七天全额阶梯计息"
"248079","RZ20170711001","0.008000","5350.4000","20064000.0000","2017-07-20","2017-07-20 23:50:03","system","1","七天全额阶梯计息"
"246622","RZ20170711001","0.008000","5350.4000","20064000.0000","2017-07-19","2017-07-19 23:50:03","system","1","七天全额阶梯计息"
"241973","RZ20170711001","0.008000","37452.8000","20064000.0000","2017-07-12","2017-07-12 23:50:04","system","1","七天全额阶梯计息"
"251780","RZ20170710024","0.006000","37.0355","185177.6000","2017-07-20","2017-07-24 10:40:50","system","1","七天全额计息"
"251779","RZ20170710024","0.006000","73.0355","365177.6000","2017-07-19","2017-07-24 10:40:50","system","1","七天全额计息"
"251778","RZ20170710024","0.006000","93.0355","465177.6000","2017-07-18","2017-07-24 10:40:50","system","1","七天全额计息"
"251777","RZ20170710024","0.006000","123.0355","615177.6000","2017-07-17","2017-07-24 10:40:50","system","1","七天全额计息"
"251776","RZ20170710024","0.006000","1281.2486","915177.6000","2017-07-10","2017-07-24 10:40:50","system","1","七天全额计息"
"253458","RZ20170710023","0.006000","553.9096","2769548.0000","2017-07-25","2017-07-25 23:50:02","system","1","七天全额计息"
"251094","RZ20170710023","0.006000","560.7400","2803700.0000","2017-07-24","2017-07-24 23:50:03","system","1","七天全额计息"
"250969","RZ20170710023","0.006000","560.7400","2803700.0000","2017-07-23","2017-07-23 23:50:03","system","1","七天全额计息"
"250845","RZ20170710023","0.006000","560.7400","2803700.0000","2017-07-22","2017-07-22 23:50:02","system","1","七天全额计息"
"249528","RZ20170710023","0.006000","560.7400","2803700.0000","2017-07-21","2017-07-21 23:50:02","system","1","七天全额计息"
"248077","RZ20170710023","0.006000","560.7400","2803700.0000","2017-07-20","2017-07-20 23:50:03","system","1","七天全额计息"
"246620","RZ20170710023","0.006000","560.7400","2803700.0000","2017-07-19","2017-07-19 23:50:03","system","1","七天全额计息"
"245758","RZ20170710023","0.006000","560.7400","2803700.0000","2017-07-18","2017-07-18 23:50:04","system","1","七天全额计息"
"244752","RZ20170710023","0.006000","575.5392","2877696.0000","2017-07-17","2017-07-17 23:50:04","system","1","七天全额计息"
"240539","RZ20170710023","0.006000","4028.7744","2877696.0000","2017-07-10","2017-07-10 23:50:03","system","1","七天全额计息"
"251775","RZ20170710022","0.008000","49.3807","185177.6000","2017-07-20","2017-07-24 10:40:50","system","1","七天全额阶梯计息"
"251774","RZ20170710022","0.008000","97.3807","365177.6000","2017-07-19","2017-07-24 10:40:50","system","1","七天全额阶梯计息"
"251773","RZ20170710022","0.008000","124.0474","465177.6000","2017-07-18","2017-07-24 10:40:50","system","1","七天全额阶梯计息"
"251772","RZ20170710022","0.008000","164.0474","615177.6000","2017-07-17","2017-07-24 10:40:50","system","1","七天全额阶梯计息"
"251771","RZ20170710022","0.008000","1708.3315","915177.6000","2017-07-10","2017-07-24 10:40:50","system","1","七天全额阶梯计息"
"246223","RZ20170710021","0.006000","2030.1002","1450071.5500","2017-07-11","2017-07-18 14:46:37","system","1","七天全额计息"
"256996","RZ20170710020","0.006000","166.0608","830304.0000","2017-07-28","2017-07-28 18:30:02","system","1","七天全额计息"
"256360","RZ20170710020","0.006000","166.0608","830304.0000","2017-07-27","2017-07-27 23:50:02","system","1","七天全额计息"
"254914","RZ20170710020","0.006000","166.0608","830304.0000","2017-07-26","2017-07-26 23:50:02","system","1","七天全额计息"
"253457","RZ20170710020","0.006000","166.0608","830304.0000","2017-07-25","2017-07-25 23:50:02","system","1","七天全额计息"
"251093","RZ20170710020","0.006000","166.0608","830304.0000","2017-07-24","2017-07-24 23:50:03","system","1","七天全额计息"
"250968","RZ20170710020","0.006000","166.0608","830304.0000","2017-07-23","2017-07-23 23:50:03","system","1","七天全额计息"
"250844","RZ20170710020","0.006000","166.0608","830304.0000","2017-07-22","2017-07-22 23:50:02","system","1","七天全额计息"
"249526","RZ20170710020","0.006000","166.0608","830304.0000","2017-07-21","2017-07-21 23:50:02","system","1","七天全额计息"
"248075","RZ20170710020","0.006000","166.0608","830304.0000","2017-07-20","2017-07-20 23:50:03","system","1","七天全额计息"
"246618","RZ20170710020","0.006000","166.0608","830304.0000","2017-07-19","2017-07-19 23:50:03","system","1","七天全额计息"
"245756","RZ20170710020","0.006000","166.0608","830304.0000","2017-07-18","2017-07-18 23:50:03","system","1","七天全额计息"
"240532","RZ20170710020","0.006000","1162.4256","830304.0000","2017-07-11","2017-07-11 23:50:03","system","1","七天全额计息"
"246222","RZ20170710019","0.008000","2706.8002","1450071.5500","2017-07-11","2017-07-18 14:46:37","system","1","七天全额阶梯计息"
"256995","RZ20170710018","0.010000","276.7680","830304.0000","2017-07-28","2017-07-28 18:30:02","system","1","七天全额阶梯计息"
"256359","RZ20170710018","0.010000","276.7680","830304.0000","2017-07-27","2017-07-27 23:50:02","system","1","七天全额阶梯计息"
"254913","RZ20170710018","0.010000","276.7680","830304.0000","2017-07-26","2017-07-26 23:50:02","system","1","七天全额阶梯计息"
"253456","RZ20170710018","0.008000","221.4144","830304.0000","2017-07-25","2017-07-25 23:50:02","system","1","七天全额阶梯计息"
"251092","RZ20170710018","0.008000","221.4144","830304.0000","2017-07-24","2017-07-24 23:50:03","system","1","七天全额阶梯计息"
"250967","RZ20170710018","0.008000","221.4144","830304.0000","2017-07-23","2017-07-23 23:50:02","system","1","七天全额阶梯计息"
"250843","RZ20170710018","0.008000","221.4144","830304.0000","2017-07-22","2017-07-22 23:50:02","system","1","七天全额阶梯计息"
"249525","RZ20170710018","0.008000","221.4144","830304.0000","2017-07-21","2017-07-21 23:50:02","system","1","七天全额阶梯计息"
"248074","RZ20170710018","0.008000","221.4144","830304.0000","2017-07-20","2017-07-20 23:50:03","system","1","七天全额阶梯计息"
"246617","RZ20170710018","0.008000","221.4144","830304.0000","2017-07-19","2017-07-19 23:50:03","system","1","七天全额阶梯计息"
"245755","RZ20170710018","0.008000","221.4144","830304.0000","2017-07-18","2017-07-18 23:50:03","system","1","七天全额阶梯计息"
"240531","RZ20170710018","0.008000","1549.9008","830304.0000","2017-07-11","2017-07-11 23:50:03","system","1","七天全额阶梯计息"
"251252","RZ20170710017","0.006000","22.7162","113580.8000","2017-07-23","2017-07-24 09:53:58","system","1","七天全额计息"
"251251","RZ20170710017","0.006000","22.7162","113580.8000","2017-07-22","2017-07-24 09:53:57","system","1","七天全额计息"
"251250","RZ20170710017","0.006000","22.7162","113580.8000","2017-07-21","2017-07-24 09:53:57","system","1","七天全额计息"
"251249","RZ20170710017","0.006000","22.7162","113580.8000","2017-07-20","2017-07-24 09:53:57","system","1","七天全额计息"
"251248","RZ20170710017","0.006000","76.7162","383580.8000","2017-07-19","2017-07-24 09:53:57","system","1","七天全额计息"
"251247","RZ20170710017","0.006000","76.7162","383580.8000","2017-07-18","2017-07-24 09:53:57","system","1","七天全额计息"
"251246","RZ20170710017","0.006000","76.7162","383580.8000","2017-07-17","2017-07-24 09:53:57","system","1","七天全额计息"
"251245","RZ20170710017","0.006000","1307.0131","933580.8000","2017-07-10","2017-07-24 09:53:57","system","1","七天全额计息"
"251244","RZ20170710016","0.008000","30.2882","113580.8000","2017-07-23","2017-07-24 09:53:57","system","1","七天全额阶梯计息"
"251243","RZ20170710016","0.008000","30.2882","113580.8000","2017-07-22","2017-07-24 09:53:57","system","1","七天全额阶梯计息"
"251242","RZ20170710016","0.008000","30.2882","113580.8000","2017-07-21","2017-07-24 09:53:57","system","1","七天全额阶梯计息"
"251241","RZ20170710016","0.008000","30.2882","113580.8000","2017-07-20","2017-07-24 09:53:57","system","1","七天全额阶梯计息"
"251240","RZ20170710016","0.008000","102.2882","383580.8000","2017-07-19","2017-07-24 09:53:57","system","1","七天全额阶梯计息"
"251239","RZ20170710016","0.008000","102.2882","383580.8000","2017-07-18","2017-07-24 09:53:57","system","1","七天全额阶梯计息"
"251238","RZ20170710016","0.008000","102.2882","383580.8000","2017-07-17","2017-07-24 09:53:57","system","1","七天全额阶梯计息"
"251237","RZ20170710016","0.008000","1742.6842","933580.8000","2017-07-10","2017-07-24 09:53:57","system","1","七天全额阶梯计息"
"250142","RZ20170710015","0.006000","80.7538","403768.8000","2017-07-20","2017-07-21 13:56:41","system","1","七天全额计息"
"250141","RZ20170710015","0.006000","80.7538","403768.8000","2017-07-19","2017-07-21 13:56:41","system","1","七天全额计息"
"250140","RZ20170710015","0.006000","132.7281","663640.5600","2017-07-18","2017-07-21 13:56:41","system","1","七天全额计息"
"250139","RZ20170710015","0.006000","132.7281","663640.5600","2017-07-17","2017-07-21 13:56:41","system","1","七天全额计息"
"250138","RZ20170710015","0.006000","2586.5011","1847500.8000","2017-07-10","2017-07-21 13:56:41","system","1","七天全额计息"
"256994","RZ20170710014","0.006000","62.4255","312127.3400","2017-07-28","2017-07-28 18:30:02","system","1","七天全额计息"
"256358","RZ20170710014","0.006000","62.4255","312127.3400","2017-07-27","2017-07-27 23:50:02","system","1","七天全额计息"
"254912","RZ20170710014","0.006000","62.4255","312127.3400","2017-07-26","2017-07-26 23:50:02","system","1","七天全额计息"
"253455","RZ20170710014","0.006000","62.4255","312127.3400","2017-07-25","2017-07-25 23:50:02","system","1","七天全额计息"
"251089","RZ20170710014","0.006000","62.4255","312127.3400","2017-07-24","2017-07-24 23:50:03","system","1","七天全额计息"
"250964","RZ20170710014","0.006000","62.4255","312127.3400","2017-07-23","2017-07-23 23:50:02","system","1","七天全额计息"
"250840","RZ20170710014","0.006000","62.4255","312127.3400","2017-07-22","2017-07-22 23:50:02","system","1","七天全额计息"
"249521","RZ20170710014","0.006000","62.4255","312127.3400","2017-07-21","2017-07-21 23:50:02","system","1","七天全额计息"
"248070","RZ20170710014","0.006000","62.4255","312127.3400","2017-07-20","2017-07-20 23:50:03","system","1","七天全额计息"
"246613","RZ20170710014","0.006000","62.4255","312127.3400","2017-07-19","2017-07-19 23:50:03","system","1","七天全额计息"
"245751","RZ20170710014","0.006000","106.0030","530015.1800","2017-07-18","2017-07-18 23:50:03","system","1","七天全额计息"
"244747","RZ20170710014","0.006000","106.0030","530015.1800","2017-07-17","2017-07-17 23:50:04","system","1","七天全额计息"
"240222","RZ20170710014","0.006000","1219.9219","871372.8000","2017-07-10","2017-07-10 23:50:03","system","1","七天全额计息"
"256993","RZ20170710013","0.010000","104.0424","312127.3400","2017-07-28","2017-07-28 18:30:02","system","1","七天全额阶梯计息"
"256357","RZ20170710013","0.010000","104.0424","312127.3400","2017-07-27","2017-07-27 23:50:02","system","1","七天全额阶梯计息"
"254911","RZ20170710013","0.010000","104.0424","312127.3400","2017-07-26","2017-07-26 23:50:02","system","1","七天全额阶梯计息"
"253454","RZ20170710013","0.010000","104.0424","312127.3400","2017-07-25","2017-07-25 23:50:02","system","1","七天全额阶梯计息"
"251088","RZ20170710013","0.008000","83.2340","312127.3400","2017-07-24","2017-07-24 23:50:03","system","1","七天全额阶梯计息"
"250963","RZ20170710013","0.008000","83.2340","312127.3400","2017-07-23","2017-07-23 23:50:02","system","1","七天全额阶梯计息"
"250839","RZ20170710013","0.008000","83.2340","312127.3400","2017-07-22","2017-07-22 23:50:02","system","1","七天全额阶梯计息"
"249520","RZ20170710013","0.008000","83.2340","312127.3400","2017-07-21","2017-07-21 23:50:02","system","1","七天全额阶梯计息"
"248069","RZ20170710013","0.008000","83.2340","312127.3400","2017-07-20","2017-07-20 23:50:03","system","1","七天全额阶梯计息"
"247876","RZ20170710013","0.008000","83.2340","312127.3400","2017-07-19","2017-07-19 23:50:03","system","1","七天全额阶梯计息"
"247875","RZ20170710013","0.008000","141.3374","530015.1800","2017-07-18","2017-07-19 17:42:15","system","1","七天全额阶梯计息"
"247874","RZ20170710013","0.008000","141.3374","530015.1800","2017-07-17","2017-07-19 17:42:15","system","1","七天全额阶梯计息"
"247873","RZ20170710013","0.008000","1626.5626","871372.8000","2017-07-10","2017-07-19 17:42:15","system","1","七天全额阶梯计息"
"240534","RZ20170710012","0.006000","3874.0800","2767200.0000","2017-07-11","2017-07-11 09:20:03","system","1","七天全额计息"
"251262","RZ20170710011","0.006000","353.1040","1765520.0000","2017-07-20","2017-07-24 10:29:41","system","1","七天全额计息"
"251261","RZ20170710011","0.006000","453.1040","2265520.0000","2017-07-19","2017-07-24 10:29:41","system","1","七天全额计息"
"251260","RZ20170710011","0.006000","553.1040","2765520.0000","2017-07-18","2017-07-24 10:29:41","system","1","七天全额计息"
"251259","RZ20170710011","0.006000","553.1040","2765520.0000","2017-07-17","2017-07-24 10:29:41","system","1","七天全额计息"
"251258","RZ20170710011","0.006000","3871.7280","2765520.0000","2017-07-10","2017-07-24 10:29:41","system","1","七天全额计息"
"256992","RZ20170710010","0.008000","1621.3333","6080000.0000","2017-07-28","2017-07-28 18:30:02","system","1","七天全额阶梯计息"
"256356","RZ20170710010","0.008000","1621.3333","6080000.0000","2017-07-27","2017-07-27 23:50:02","system","1","七天全额阶梯计息"
"254910","RZ20170710010","0.008000","1621.3333","6080000.0000","2017-07-26","2017-07-26 23:50:02","system","1","七天全额阶梯计息"
"253453","RZ20170710010","0.008000","1621.3333","6080000.0000","2017-07-25","2017-07-25 23:50:02","system","1","七天全额阶梯计息"
"251087","RZ20170710010","0.008000","1621.3333","6080000.0000","2017-07-24","2017-07-24 23:50:03","system","1","七天全额阶梯计息"
"250962","RZ20170710010","0.008000","1621.3333","6080000.0000","2017-07-23","2017-07-23 23:50:02","system","1","七天全额阶梯计息"
"250838","RZ20170710010","0.008000","1621.3333","6080000.0000","2017-07-22","2017-07-22 23:50:02","system","1","七天全额阶梯计息"
"249518","RZ20170710010","0.008000","1621.3333","6080000.0000","2017-07-21","2017-07-21 23:50:02","system","1","七天全额阶梯计息"
"243512","RZ20170710010","0.008000","11349.3333","6080000.0000","2017-07-14","2017-07-14 23:50:04","system","1","七天全额阶梯计息"
"257550","RZ20170710009","0.010000","130.8053","392416.0000","2017-07-28","2017-07-28 15:43:18","system","1","按天计息"
"257549","RZ20170710009","0.010000","427.9787","1283936.0000","2017-07-27","2017-07-28 15:43:18","system","1","按天计息"
"257548","RZ20170710009","0.010000","771.3960","2314188.0000","2017-07-26","2017-07-28 15:43:18","system","1","按天计息"
"257547","RZ20170710009","0.010000","923.1827","2769548.0000","2017-07-25","2017-07-28 15:43:18","system","1","七天全额阶梯计息"
"257546","RZ20170710009","0.008000","747.6533","2803700.0000","2017-07-24","2017-07-28 15:43:18","system","1","七天全额阶梯计息"
"257545","RZ20170710009","0.008000","747.6533","2803700.0000","2017-07-23","2017-07-28 15:43:18","system","1","七天全额阶梯计息"
"257544","RZ20170710009","0.008000","747.6533","2803700.0000","2017-07-22","2017-07-28 15:43:18","system","1","七天全额阶梯计息"
"257543","RZ20170710009","0.008000","747.6533","2803700.0000","2017-07-21","2017-07-28 15:43:18","system","1","七天全额阶梯计息"
"257542","RZ20170710009","0.008000","747.6533","2803700.0000","2017-07-20","2017-07-28 15:43:18","system","1","七天全额阶梯计息"
"257541","RZ20170710009","0.008000","747.6533","2803700.0000","2017-07-19","2017-07-28 15:43:18","system","1","七天全额阶梯计息"
"257540","RZ20170710009","0.008000","747.6533","2803700.0000","2017-07-18","2017-07-28 15:43:18","system","1","七天全额阶梯计息"
"257539","RZ20170710009","0.008000","767.3856","2877696.0000","2017-07-17","2017-07-28 15:43:18","system","1","七天全额阶梯计息"
"257538","RZ20170710009","0.008000","5371.6992","2877696.0000","2017-07-10","2017-07-28 15:43:18","system","1","七天全额阶梯计息"
"250137","RZ20170710006","0.008000","107.6717","403768.8000","2017-07-20","2017-07-21 13:56:41","system","1","七天全额阶梯计息"
"250136","RZ20170710006","0.008000","107.6717","403768.8000","2017-07-19","2017-07-21 13:56:41","system","1","七天全额阶梯计息"
"250135","RZ20170710006","0.008000","176.9708","663640.5600","2017-07-18","2017-07-21 13:56:41","system","1","七天全额阶梯计息"
"250134","RZ20170710006","0.008000","176.9708","663640.5600","2017-07-17","2017-07-21 13:56:41","system","1","七天全额阶梯计息"
"250133","RZ20170710006","0.008000","3448.6682","1847500.8000","2017-07-10","2017-07-21 13:56:41","system","1","七天全额阶梯计息"
"256991","RZ20170710005","0.010000","141.5088","424526.4000","2017-07-28","2017-07-28 18:30:02","system","1","七天全额阶梯计息"
"256355","RZ20170710005","0.010000","141.5088","424526.4000","2017-07-27","2017-07-27 23:50:02","system","1","七天全额阶梯计息"
"254909","RZ20170710005","0.008000","113.2070","424526.4000","2017-07-26","2017-07-26 23:50:02","system","1","七天全额阶梯计息"
"253451","RZ20170710005","0.008000","113.2070","424526.4000","2017-07-25","2017-07-25 23:50:02","system","1","七天全额阶梯计息"
"251085","RZ20170710005","0.008000","113.2070","424526.4000","2017-07-24","2017-07-24 23:50:02","system","1","七天全额阶梯计息"
"250960","RZ20170710005","0.008000","113.2070","424526.4000","2017-07-23","2017-07-23 23:50:02","system","1","七天全额阶梯计息"
"250836","RZ20170710005","0.008000","113.2070","424526.4000","2017-07-22","2017-07-22 23:50:02","system","1","七天全额阶梯计息"
"249515","RZ20170710005","0.008000","113.2070","424526.4000","2017-07-21","2017-07-21 23:50:02","system","1","七天全额阶梯计息"
"248065","RZ20170710005","0.008000","113.2070","424526.4000","2017-07-20","2017-07-20 23:50:02","system","1","七天全额阶梯计息"
"246608","RZ20170710005","0.008000","113.2070","424526.4000","2017-07-19","2017-07-19 23:50:03","system","1","七天全额阶梯计息"
"244157","RZ20170710005","0.008000","792.4493","424526.4000","2017-07-12","2017-07-14 15:57:52","system","1","七天全额阶梯计息"
"240533","RZ20170710004","0.008000","5165.4400","2767200.0000","2017-07-11","2017-07-11 09:20:03","system","1","七天全额阶梯计息"
"244759","RZ20170710003","0.006000","2428.0872","1734348.0000","2017-07-10","2017-07-17 09:00:41","system","1","七天全额计息"
"251257","RZ20170710002","0.008000","470.8053","1765520.0000","2017-07-20","2017-07-24 10:29:41","system","1","七天全额阶梯计息"
"251256","RZ20170710002","0.008000","604.1387","2265520.0000","2017-07-19","2017-07-24 10:29:41","system","1","七天全额阶梯计息"
"251255","RZ20170710002","0.008000","737.4720","2765520.0000","2017-07-18","2017-07-24 10:29:41","system","1","七天全额阶梯计息"
"251254","RZ20170710002","0.008000","737.4720","2765520.0000","2017-07-17","2017-07-24 10:29:41","system","1","七天全额阶梯计息"
"251253","RZ20170710002","0.008000","5162.3040","2765520.0000","2017-07-10","2017-07-24 10:29:41","system","1","七天全额阶梯计息"
"244758","RZ20170710001","0.008000","3237.4496","1734348.0000","2017-07-10","2017-07-17 09:00:41","system","1","七天全额阶梯计息"
"256990","RZ20170706012","0.010000","499.9867","1499960.0000","2017-07-28","2017-07-28 18:30:02","system","1","七天全额阶梯计息"
"256354","RZ20170706012","0.010000","499.9867","1499960.0000","2017-07-27","2017-07-27 23:50:02","system","1","七天全额阶梯计息"
"255457","RZ20170706012","0.008000","399.9893","1499960.0000","2017-07-26","2017-07-26 23:50:02","system","1","七天全额阶梯计息"
"255456","RZ20170706012","0.008000","480.0000","1800000.0000","2017-07-25","2017-07-26 13:13:39","system","1","七天全额阶梯计息"
"255455","RZ20170706012","0.008000","480.0000","1800000.0000","2017-07-24","2017-07-26 13:13:39","system","1","七天全额阶梯计息"
"255454","RZ20170706012","0.008000","480.0000","1800000.0000","2017-07-23","2017-07-26 13:13:39","system","1","七天全额阶梯计息"
"255453","RZ20170706012","0.008000","480.0000","1800000.0000","2017-07-22","2017-07-26 13:13:39","system","1","七天全额阶梯计息"
"255452","RZ20170706012","0.008000","480.0000","1800000.0000","2017-07-21","2017-07-26 13:13:39","system","1","七天全额阶梯计息"
"255451","RZ20170706012","0.008000","480.0000","1800000.0000","2017-07-20","2017-07-26 13:13:39","system","1","七天全额阶梯计息"
"255450","RZ20170706012","0.008000","480.0000","1800000.0000","2017-07-19","2017-07-26 13:13:39","system","1","七天全额阶梯计息"
"255449","RZ20170706012","0.008000","3360.0000","1800000.0000","2017-07-12","2017-07-26 13:13:39","system","1","七天全额阶梯计息"
"256989","RZ20170706011","0.010000","600.0000","1800000.0000","2017-07-28","2017-07-28 18:30:02","system","1","七天全额阶梯计息"
"256353","RZ20170706011","0.010000","600.0000","1800000.0000","2017-07-27","2017-07-27 23:50:02","system","1","七天全额阶梯计息"
"254907","RZ20170706011","0.008000","480.0000","1800000.0000","2017-07-26","2017-07-26 23:50:02","system","1","七天全额阶梯计息"
"253449","RZ20170706011","0.008000","480.0000","1800000.0000","2017-07-25","2017-07-25 23:50:02","system","1","七天全额阶梯计息"
"251083","RZ20170706011","0.008000","480.0000","1800000.0000","2017-07-24","2017-07-24 23:50:02","system","1","七天全额阶梯计息"
"250958","RZ20170706011","0.008000","480.0000","1800000.0000","2017-07-23","2017-07-23 23:50:02","system","1","七天全额阶梯计息"
"250834","RZ20170706011","0.008000","480.0000","1800000.0000","2017-07-22","2017-07-22 23:50:02","system","1","七天全额阶梯计息"
"249512","RZ20170706011","0.008000","480.0000","1800000.0000","2017-07-21","2017-07-21 23:50:02","system","1","七天全额阶梯计息"
"248062","RZ20170706011","0.008000","480.0000","1800000.0000","2017-07-20","2017-07-20 23:50:02","system","1","七天全额阶梯计息"
"246605","RZ20170706011","0.008000","480.0000","1800000.0000","2017-07-19","2017-07-19 23:50:02","system","1","七天全额阶梯计息"
"241989","RZ20170706011","0.008000","3360.0000","1800000.0000","2017-07-12","2017-07-12 23:50:04","system","1","七天全额阶梯计息"
"256988","RZ20170706010","0.008000","654.9333","2456000.0000","2017-07-28","2017-07-28 18:30:02","system","1","七天全额阶梯计息"
"256352","RZ20170706010","0.008000","654.9333","2456000.0000","2017-07-27","2017-07-27 23:50:01","system","1","七天全额阶梯计息"
"254906","RZ20170706010","0.008000","654.9333","2456000.0000","2017-07-26","2017-07-26 23:50:02","system","1","七天全额阶梯计息"
"253448","RZ20170706010","0.008000","654.9333","2456000.0000","2017-07-25","2017-07-25 23:50:02","system","1","七天全额阶梯计息"
"251082","RZ20170706010","0.008000","654.9333","2456000.0000","2017-07-24","2017-07-24 23:50:02","system","1","七天全额阶梯计息"
"244756","RZ20170706010","0.008000","4584.5333","2456000.0000","2017-07-17","2017-07-17 23:50:03","system","1","七天全额阶梯计息"
"256987","RZ20170706009","0.006000","100.0000","500000.0000","2017-07-28","2017-07-28 18:30:02","system","1","七天全额计息"
"256351","RZ20170706009","0.006000","100.0000","500000.0000","2017-07-27","2017-07-27 23:50:01","system","1","七天全额计息"
"254905","RZ20170706009","0.006000","100.0000","500000.0000","2017-07-26","2017-07-26 23:50:02","system","1","七天全额计息"
"253447","RZ20170706009","0.006000","100.0000","500000.0000","2017-07-25","2017-07-25 23:50:02","system","1","七天全额计息"
"251081","RZ20170706009","0.006000","100.0000","500000.0000","2017-07-24","2017-07-24 23:50:02","system","1","七天全额计息"
"250957","RZ20170706009","0.006000","100.0000","500000.0000","2017-07-23","2017-07-23 23:50:02","system","1","七天全额计息"
"250833","RZ20170706009","0.006000","100.0000","500000.0000","2017-07-22","2017-07-22 23:50:02","system","1","七天全额计息"
"249511","RZ20170706009","0.006000","100.0000","500000.0000","2017-07-21","2017-07-21 23:50:02","system","1","七天全额计息"
"248061","RZ20170706009","0.006000","100.0000","500000.0000","2017-07-20","2017-07-20 23:50:02","system","1","七天全额计息"
"246604","RZ20170706009","0.006000","100.0000","500000.0000","2017-07-19","2017-07-19 23:50:02","system","1","七天全额计息"
"245745","RZ20170706009","0.006000","100.0000","500000.0000","2017-07-18","2017-07-18 23:50:03","system","1","七天全额计息"
"244741","RZ20170706009","0.006000","100.0000","500000.0000","2017-07-17","2017-07-17 23:50:03","system","1","七天全额计息"
"244621","RZ20170706009","0.006000","100.0000","500000.0000","2017-07-16","2017-07-16 23:50:04","system","1","七天全额计息"
"244499","RZ20170706009","0.006000","100.0000","500000.0000","2017-07-15","2017-07-15 23:50:04","system","1","七天全额计息"
"244237","RZ20170706009","0.006000","100.0000","500000.0000","2017-07-14","2017-07-14 23:50:04","system","1","七天全额计息"
"244236","RZ20170706009","0.006000","197.8445","989222.4000","2017-07-13","2017-07-14 17:00:14","system","1","七天全额计息"
"244235","RZ20170706009","0.006000","1384.9114","989222.4000","2017-07-06","2017-07-14 17:00:14","system","1","七天全额计息"
"256986","RZ20170706008","0.006000","121.1866","605932.8000","2017-07-28","2017-07-28 18:30:02","system","1","七天全额计息"
"256350","RZ20170706008","0.006000","121.1866","605932.8000","2017-07-27","2017-07-27 23:50:01","system","1","七天全额计息"
"254904","RZ20170706008","0.006000","121.1866","605932.8000","2017-07-26","2017-07-26 23:50:02","system","1","七天全额计息"
"253446","RZ20170706008","0.006000","121.1866","605932.8000","2017-07-25","2017-07-25 23:50:02","system","1","七天全额计息"
"251080","RZ20170706008","0.006000","121.1866","605932.8000","2017-07-24","2017-07-24 23:50:02","system","1","七天全额计息"
"250956","RZ20170706008","0.006000","121.1866","605932.8000","2017-07-23","2017-07-23 23:50:02","system","1","七天全额计息"
"250832","RZ20170706008","0.006000","121.1866","605932.8000","2017-07-22","2017-07-22 23:50:02","system","1","七天全额计息"
"249510","RZ20170706008","0.006000","121.1866","605932.8000","2017-07-21","2017-07-21 23:50:02","system","1","七天全额计息"
"248060","RZ20170706008","0.006000","121.1866","605932.8000","2017-07-20","2017-07-20 23:50:02","system","1","七天全额计息"
"246603","RZ20170706008","0.006000","121.1866","605932.8000","2017-07-19","2017-07-19 23:50:02","system","1","七天全额计息"
"245744","RZ20170706008","0.006000","121.1866","605932.8000","2017-07-18","2017-07-18 23:50:03","system","1","七天全额计息"
"244740","RZ20170706008","0.006000","121.1866","605932.8000","2017-07-17","2017-07-17 23:50:03","system","1","七天全额计息"
"244620","RZ20170706008","0.006000","121.1866","605932.8000","2017-07-16","2017-07-16 23:50:04","system","1","七天全额计息"
"244498","RZ20170706008","0.006000","121.1866","605932.8000","2017-07-15","2017-07-15 23:50:04","system","1","七天全额计息"
"243757","RZ20170706008","0.006000","121.1866","605932.8000","2017-07-14","2017-07-14 23:50:04","system","1","七天全额计息"
"242809","RZ20170706008","0.006000","121.1866","605932.8000","2017-07-13","2017-07-13 23:50:04","system","1","七天全额计息"
"241944","RZ20170706008","0.006000","121.1866","605932.8000","2017-07-12","2017-07-12 23:50:04","system","1","七天全额计息"
"254030","RZ20170706007","0.006000","45.5248","227624.0000","2017-07-17","2017-07-25 13:12:00","system","1","七天全额计息"
"254029","RZ20170706007","0.006000","45.5248","227624.0000","2017-07-16","2017-07-25 13:12:00","system","1","七天全额计息"
"254028","RZ20170706007","0.006000","45.5248","227624.0000","2017-07-15","2017-07-25 13:12:00","system","1","七天全额计息"
"254027","RZ20170706007","0.006000","45.5248","227624.0000","2017-07-14","2017-07-25 13:12:00","system","1","七天全额计息"
"254026","RZ20170706007","0.006000","2579.6736","1842624.0000","2017-07-07","2017-07-25 13:12:00","system","1","七天全额计息"
"256985","RZ20170706006","0.006000","3998.3680","19991840.0000","2017-07-28","2017-07-28 18:30:02","system","1","七天全额计息"
"256349","RZ20170706006","0.006000","3998.3680","19991840.0000","2017-07-27","2017-07-27 23:50:01","system","1","七天全额计息"
"254903","RZ20170706006","0.006000","3998.3680","19991840.0000","2017-07-26","2017-07-26 23:50:02","system","1","七天全额计息"
"253445","RZ20170706006","0.006000","3998.3680","19991840.0000","2017-07-25","2017-07-25 23:50:02","system","1","七天全额计息"
"251079","RZ20170706006","0.006000","3998.3680","19991840.0000","2017-07-24","2017-07-24 23:50:02","system","1","七天全额计息"
"250955","RZ20170706006","0.006000","3998.3680","19991840.0000","2017-07-23","2017-07-23 23:50:02","system","1","七天全额计息"
"250831","RZ20170706006","0.006000","3998.3680","19991840.0000","2017-07-22","2017-07-22 23:50:02","system","1","七天全额计息"
"249509","RZ20170706006","0.006000","3998.3680","19991840.0000","2017-07-21","2017-07-21 23:50:02","system","1","七天全额计息"
"248059","RZ20170706006","0.006000","3998.3680","19991840.0000","2017-07-20","2017-07-20 23:50:02","system","1","七天全额计息"
"246602","RZ20170706006","0.006000","3998.3680","19991840.0000","2017-07-19","2017-07-19 23:50:02","system","1","七天全额计息"
"245742","RZ20170706006","0.006000","3998.3680","19991840.0000","2017-07-18","2017-07-18 23:50:03","system","1","七天全额计息"
"244738","RZ20170706006","0.006000","3998.3680","19991840.0000","2017-07-17","2017-07-17 23:50:03","system","1","七天全额计息"
"244618","RZ20170706006","0.006000","3998.3680","19991840.0000","2017-07-16","2017-07-16 23:50:03","system","1","七天全额计息"
"244496","RZ20170706006","0.006000","3998.3680","19991840.0000","2017-07-15","2017-07-15 23:50:04","system","1","七天全额计息"
"243755","RZ20170706006","0.006000","3998.3680","19991840.0000","2017-07-14","2017-07-14 23:50:04","system","1","七天全额计息"
"242808","RZ20170706006","0.006000","3998.3680","19991840.0000","2017-07-13","2017-07-13 23:50:04","system","1","七天全额计息"
"237336","RZ20170706006","0.006000","27988.5760","19991840.0000","2017-07-06","2017-07-06 23:50:00","system","1","七天全额计息"
"256984","RZ20170706005","0.006000","361.2398","1806199.2000","2017-07-28","2017-07-28 18:30:01","system","1","七天全额计息"
"256348","RZ20170706005","0.006000","361.2398","1806199.2000","2017-07-27","2017-07-27 23:50:01","system","1","七天全额计息"
"254902","RZ20170706005","0.006000","361.2398","1806199.2000","2017-07-26","2017-07-26 23:50:02","system","1","七天全额计息"
"253444","RZ20170706005","0.006000","361.2398","1806199.2000","2017-07-25","2017-07-25 23:50:02","system","1","七天全额计息"
"251078","RZ20170706005","0.006000","361.2398","1806199.2000","2017-07-24","2017-07-24 23:50:02","system","1","七天全额计息"
"250954","RZ20170706005","0.006000","361.2398","1806199.2000","2017-07-23","2017-07-23 23:50:02","system","1","七天全额计息"
"250830","RZ20170706005","0.006000","361.2398","1806199.2000","2017-07-22","2017-07-22 23:50:02","system","1","七天全额计息"
"249508","RZ20170706005","0.006000","361.2398","1806199.2000","2017-07-21","2017-07-21 23:50:02","system","1","七天全额计息"
"248058","RZ20170706005","0.006000","361.2398","1806199.2000","2017-07-20","2017-07-20 23:50:02","system","1","七天全额计息"
"246601","RZ20170706005","0.006000","361.2398","1806199.2000","2017-07-19","2017-07-19 23:50:02","system","1","七天全额计息"
"245741","RZ20170706005","0.006000","361.2398","1806199.2000","2017-07-18","2017-07-18 23:50:03","system","1","七天全额计息"
"244737","RZ20170706005","0.006000","361.2398","1806199.2000","2017-07-17","2017-07-17 23:50:03","system","1","七天全额计息"
"244617","RZ20170706005","0.006000","361.2398","1806199.2000","2017-07-16","2017-07-16 23:50:03","system","1","七天全额计息"
"244495","RZ20170706005","0.006000","361.2398","1806199.2000","2017-07-15","2017-07-15 23:50:04","system","1","七天全额计息"
"243754","RZ20170706005","0.006000","361.2398","1806199.2000","2017-07-14","2017-07-14 23:50:04","system","1","七天全额计息"
"242807","RZ20170706005","0.006000","361.2398","1806199.2000","2017-07-13","2017-07-13 23:50:04","system","1","七天全额计息"
"236883","RZ20170706005","0.006000","2528.6789","1806199.2000","2017-07-06","2017-07-06 23:50:00","system","1","七天全额计息"
"256983","RZ20170706004","0.010000","602.0664","1806199.2000","2017-07-28","2017-07-28 18:30:01","system","1","七天全额阶梯计息"
"256347","RZ20170706004","0.010000","602.0664","1806199.2000","2017-07-27","2017-07-27 23:50:01","system","1","七天全额阶梯计息"
"254901","RZ20170706004","0.010000","602.0664","1806199.2000","2017-07-26","2017-07-26 23:50:01","system","1","七天全额阶梯计息"
"253443","RZ20170706004","0.010000","602.0664","1806199.2000","2017-07-25","2017-07-25 23:50:02","system","1","七天全额阶梯计息"
"251077","RZ20170706004","0.010000","602.0664","1806199.2000","2017-07-24","2017-07-24 23:50:02","system","1","七天全额阶梯计息"
"250953","RZ20170706004","0.010000","602.0664","1806199.2000","2017-07-23","2017-07-23 23:50:02","system","1","七天全额阶梯计息"
"250829","RZ20170706004","0.010000","602.0664","1806199.2000","2017-07-22","2017-07-22 23:50:02","system","1","七天全额阶梯计息"
"249507","RZ20170706004","0.010000","602.0664","1806199.2000","2017-07-21","2017-07-21 23:50:02","system","1","七天全额阶梯计息"
"248057","RZ20170706004","0.008000","481.6531","1806199.2000","2017-07-20","2017-07-20 23:50:02","system","1","七天全额阶梯计息"
"246600","RZ20170706004","0.008000","481.6531","1806199.2000","2017-07-19","2017-07-19 23:50:02","system","1","七天全额阶梯计息"
"245740","RZ20170706004","0.008000","481.6531","1806199.2000","2017-07-18","2017-07-18 23:50:03","system","1","七天全额阶梯计息"
"244736","RZ20170706004","0.008000","481.6531","1806199.2000","2017-07-17","2017-07-17 23:50:03","system","1","七天全额阶梯计息"
"244616","RZ20170706004","0.008000","481.6531","1806199.2000","2017-07-16","2017-07-16 23:50:03","system","1","七天全额阶梯计息"
"244494","RZ20170706004","0.008000","481.6531","1806199.2000","2017-07-15","2017-07-15 23:50:04","system","1","七天全额阶梯计息"
"243753","RZ20170706004","0.008000","481.6531","1806199.2000","2017-07-14","2017-07-14 23:50:04","system","1","七天全额阶梯计息"
"242806","RZ20170706004","0.008000","481.6531","1806199.2000","2017-07-13","2017-07-13 23:50:04","system","1","七天全额阶梯计息"
"236882","RZ20170706004","0.008000","3371.5718","1806199.2000","2017-07-06","2017-07-06 23:50:00","system","1","七天全额阶梯计息"
"256982","RZ20170706003","0.010000","166.6667","500000.0000","2017-07-28","2017-07-28 18:30:01","system","1","七天全额阶梯计息"
"256346","RZ20170706003","0.010000","166.6667","500000.0000","2017-07-27","2017-07-27 23:50:01","system","1","七天全额阶梯计息"
"254900","RZ20170706003","0.010000","166.6667","500000.0000","2017-07-26","2017-07-26 23:50:01","system","1","七天全额阶梯计息"
"253442","RZ20170706003","0.010000","166.6667","500000.0000","2017-07-25","2017-07-25 23:50:02","system","1","七天全额阶梯计息"
"251076","RZ20170706003","0.010000","166.6667","500000.0000","2017-07-24","2017-07-24 23:50:02","system","1","七天全额阶梯计息"
"250952","RZ20170706003","0.010000","166.6667","500000.0000","2017-07-23","2017-07-23 23:50:02","system","1","七天全额阶梯计息"
"250828","RZ20170706003","0.010000","166.6667","500000.0000","2017-07-22","2017-07-22 23:50:02","system","1","七天全额阶梯计息"
"249506","RZ20170706003","0.010000","166.6667","500000.0000","2017-07-21","2017-07-21 23:50:02","system","1","七天全额阶梯计息"
"248056","RZ20170706003","0.008000","133.3333","500000.0000","2017-07-20","2017-07-20 23:50:02","system","1","七天全额阶梯计息"
"246599","RZ20170706003","0.008000","133.3333","500000.0000","2017-07-19","2017-07-19 23:50:02","system","1","七天全额阶梯计息"
"245739","RZ20170706003","0.008000","133.3333","500000.0000","2017-07-18","2017-07-18 23:50:03","system","1","七天全额阶梯计息"
"244735","RZ20170706003","0.008000","133.3333","500000.0000","2017-07-17","2017-07-17 23:50:03","system","1","七天全额阶梯计息"
"244615","RZ20170706003","0.008000","133.3333","500000.0000","2017-07-16","2017-07-16 23:50:03","system","1","七天全额阶梯计息"
"244493","RZ20170706003","0.008000","133.3333","500000.0000","2017-07-15","2017-07-15 23:50:04","system","1","七天全额阶梯计息"
"244234","RZ20170706003","0.008000","133.3333","500000.0000","2017-07-14","2017-07-14 23:50:04","system","1","七天全额阶梯计息"
"244233","RZ20170706003","0.008000","263.7926","989222.4000","2017-07-13","2017-07-14 17:00:14","system","1","七天全额阶梯计息"
"244232","RZ20170706003","0.008000","1846.5485","989222.4000","2017-07-06","2017-07-14 17:00:14","system","1","七天全额阶梯计息"
"242898","RZ20170706002","0.006000","958.0032","684288.0000","2017-07-06","2017-07-13 12:57:18","system","1","七天全额计息"
"256981","RZ20170706001","0.006000","62.7067","313533.4400","2017-07-28","2017-07-28 18:30:01","system","1","七天全额计息"
"256345","RZ20170706001","0.006000","102.7067","513533.4400","2017-07-27","2017-07-27 23:50:01","system","1","七天全额计息"
"254899","RZ20170706001","0.006000","118.7067","593533.4400","2017-07-26","2017-07-26 23:50:01","system","1","七天全额计息"
"253906","RZ20170706001","0.006000","118.7067","593533.4400","2017-07-25","2017-07-25 23:50:02","system","1","七天全额计息"
"253905","RZ20170706001","0.006000","118.7067","593533.4400","2017-07-24","2017-07-25 11:07:25","system","1","七天全额计息"
"253904","RZ20170706001","0.006000","118.7067","593533.4400","2017-07-23","2017-07-25 11:07:25","system","1","七天全额计息"
"253903","RZ20170706001","0.006000","118.7067","593533.4400","2017-07-22","2017-07-25 11:07:25","system","1","七天全额计息"
"253902","RZ20170706001","0.006000","118.7067","593533.4400","2017-07-21","2017-07-25 11:07:25","system","1","七天全额计息"
"253901","RZ20170706001","0.006000","118.7067","593533.4400","2017-07-20","2017-07-25 11:07:25","system","1","七天全额计息"
"253900","RZ20170706001","0.006000","118.7067","593533.4400","2017-07-19","2017-07-25 11:07:25","system","1","七天全额计息"
"253899","RZ20170706001","0.006000","118.7067","593533.4400","2017-07-18","2017-07-25 11:07:25","system","1","七天全额计息"
"253898","RZ20170706001","0.006000","118.7067","593533.4400","2017-07-17","2017-07-25 11:07:25","system","1","七天全额计息"
"253897","RZ20170706001","0.006000","118.7067","593533.4400","2017-07-16","2017-07-25 11:07:25","system","1","七天全额计息"
"253896","RZ20170706001","0.006000","118.7067","593533.4400","2017-07-15","2017-07-25 11:07:25","system","1","七天全额计息"
"253895","RZ20170706001","0.006000","118.7067","593533.4400","2017-07-14","2017-07-25 11:07:25","system","1","七天全额计息"
"253894","RZ20170706001","0.006000","118.7067","593533.4400","2017-07-13","2017-07-25 11:07:25","system","1","七天全额计息"
"253893","RZ20170706001","0.006000","830.9468","593533.4400","2017-07-06","2017-07-25 11:07:25","system","1","七天全额计息"
"242897","RZ20170705023","0.008000","1277.3376","684288.0000","2017-07-06","2017-07-13 12:57:18","system","1","七天全额阶梯计息"
"257488","RZ20170705022","0.010000","104.5111","313533.4400","2017-07-28","2017-07-28 18:30:01","system","1","七天全额阶梯计息"
"257487","RZ20170705022","0.010000","171.1778","513533.4400","2017-07-27","2017-07-28 15:43:09","system","1","七天全额阶梯计息"
"257486","RZ20170705022","0.010000","197.8445","593533.4400","2017-07-26","2017-07-28 15:43:09","system","1","七天全额阶梯计息"
"257485","RZ20170705022","0.010000","197.8445","593533.4400","2017-07-25","2017-07-28 15:43:09","system","1","七天全额阶梯计息"
"257484","RZ20170705022","0.010000","197.8445","593533.4400","2017-07-24","2017-07-28 15:43:09","system","1","七天全额阶梯计息"
"257483","RZ20170705022","0.010000","197.8445","593533.4400","2017-07-23","2017-07-28 15:43:09","system","1","七天全额阶梯计息"
"257482","RZ20170705022","0.010000","197.8445","593533.4400","2017-07-22","2017-07-28 15:43:09","system","1","七天全额阶梯计息"
"257481","RZ20170705022","0.010000","197.8445","593533.4400","2017-07-21","2017-07-28 15:43:09","system","1","七天全额阶梯计息"
"257480","RZ20170705022","0.008000","158.2756","593533.4400","2017-07-20","2017-07-28 15:43:09","system","1","七天全额阶梯计息"
"257479","RZ20170705022","0.008000","158.2756","593533.4400","2017-07-19","2017-07-28 15:43:09","system","1","七天全额阶梯计息"
"257478","RZ20170705022","0.008000","158.2756","593533.4400","2017-07-18","2017-07-28 15:43:09","system","1","七天全额阶梯计息"
"257477","RZ20170705022","0.008000","158.2756","593533.4400","2017-07-17","2017-07-28 15:43:09","system","1","七天全额阶梯计息"
"257476","RZ20170705022","0.008000","158.2756","593533.4400","2017-07-16","2017-07-28 15:43:09","system","1","七天全额阶梯计息"
"257475","RZ20170705022","0.008000","158.2756","593533.4400","2017-07-15","2017-07-28 15:43:09","system","1","七天全额阶梯计息"
"257474","RZ20170705022","0.008000","158.2756","593533.4400","2017-07-14","2017-07-28 15:43:09","system","1","七天全额阶梯计息"
"257473","RZ20170705022","0.008000","158.2756","593533.4400","2017-07-13","2017-07-28 15:43:09","system","1","七天全额阶梯计息"
"257472","RZ20170705022","0.008000","1107.9291","593533.4400","2017-07-06","2017-07-28 15:43:09","system","1","七天全额阶梯计息"
"236483","RZ20170705021","0.006000","1523.7476","1088391.1700","2017-07-06","2017-07-05 17:07:01","system","1","七天全额计息"
"240128","RZ20170705020","0.006000","769.2160","549440.0000","2017-07-05","2017-07-10 13:36:21","system","1","七天全额计息"
"236482","RZ20170705019","0.008000","2031.6635","1088391.1700","2017-07-06","2017-07-05 17:07:01","system","1","七天全额阶梯计息"
"250302","RZ20170705018","0.006000","83.4336","417168.0000","2017-07-20","2017-07-21 14:20:11","system","1","按天计息"
"250301","RZ20170705018","0.006000","83.4336","417168.0000","2017-07-19","2017-07-21 14:20:11","system","1","按天计息"
"250300","RZ20170705018","0.006000","173.4336","867168.0000","2017-07-18","2017-07-21 14:20:11","system","1","按天计息"
"250299","RZ20170705018","0.006000","173.4336","867168.0000","2017-07-17","2017-07-21 14:20:11","system","1","按天计息"
"250298","RZ20170705018","0.006000","263.4336","1317168.0000","2017-07-16","2017-07-21 14:20:11","system","1","七天全额计息"
"250297","RZ20170705018","0.006000","263.4336","1317168.0000","2017-07-15","2017-07-21 14:20:11","system","1","七天全额计息"
"250296","RZ20170705018","0.006000","263.4336","1317168.0000","2017-07-14","2017-07-21 14:20:11","system","1","七天全额计息"
"250295","RZ20170705018","0.006000","2474.0352","1767168.0000","2017-07-07","2017-07-21 14:20:11","system","1","七天全额计息"
"240127","RZ20170705017","0.008000","1025.6213","549440.0000","2017-07-05","2017-07-10 13:36:21","system","1","七天全额阶梯计息"
"256979","RZ20170705016","0.006000","198.0800","990400.0000","2017-07-28","2017-07-28 18:30:01","system","1","七天全额计息"
"256343","RZ20170705016","0.006000","198.0800","990400.0000","2017-07-27","2017-07-27 23:50:01","system","1","七天全额计息"
"254897","RZ20170705016","0.006000","458.0800","2290400.0000","2017-07-26","2017-07-26 23:50:01","system","1","七天全额计息"
"253439","RZ20170705016","0.006000","458.0800","2290400.0000","2017-07-25","2017-07-25 23:50:02","system","1","七天全额计息"
"251073","RZ20170705016","0.006000","458.0800","2290400.0000","2017-07-24","2017-07-24 23:50:02","system","1","七天全额计息"
"250949","RZ20170705016","0.006000","458.0800","2290400.0000","2017-07-23","2017-07-23 23:50:02","system","1","七天全额计息"
"250825","RZ20170705016","0.006000","458.0800","2290400.0000","2017-07-22","2017-07-22 23:50:01","system","1","七天全额计息"
"249503","RZ20170705016","0.006000","458.0800","2290400.0000","2017-07-21","2017-07-21 23:50:02","system","1","七天全额计息"
"248053","RZ20170705016","0.006000","658.0800","3290400.0000","2017-07-20","2017-07-20 23:50:02","system","1","七天全额计息"
"246596","RZ20170705016","0.006000","957.3120","4786560.0000","2017-07-19","2017-07-19 23:50:02","system","1","七天全额计息"
"245736","RZ20170705016","0.006000","957.3120","4786560.0000","2017-07-18","2017-07-18 23:50:03","system","1","七天全额计息"
"244732","RZ20170705016","0.006000","957.3120","4786560.0000","2017-07-17","2017-07-17 23:50:03","system","1","七天全额计息"
"244611","RZ20170705016","0.006000","957.3120","4786560.0000","2017-07-16","2017-07-16 23:50:03","system","1","七天全额计息"
"244489","RZ20170705016","0.006000","957.3120","4786560.0000","2017-07-15","2017-07-15 23:50:03","system","1","七天全额计息"
"243748","RZ20170705016","0.006000","957.3120","4786560.0000","2017-07-14","2017-07-14 23:50:03","system","1","七天全额计息"
"242802","RZ20170705016","0.006000","957.3120","4786560.0000","2017-07-13","2017-07-13 23:50:03","system","1","七天全额计息"
"241943","RZ20170705016","0.006000","957.3120","4786560.0000","2017-07-12","2017-07-12 23:50:04","system","1","七天全额计息"
"236385","RZ20170705016","0.006000","6701.1840","4786560.0000","2017-07-05","2017-07-05 23:50:00","system","1","七天全额计息"
"241473","RZ20170705015","0.006000","2435.3784","1739556.0000","2017-07-05","2017-07-11 16:03:49","system","1","七天全额计息"
"246499","RZ20170705014","0.006000","38.6096","193048.0000","2017-07-13","2017-07-18 18:01:47","system","1","七天全额计息"
"246498","RZ20170705014","0.006000","138.6096","693048.0000","2017-07-12","2017-07-18 18:01:47","system","1","七天全额计息"
"246497","RZ20170705014","0.006000","1684.2672","1203048.0000","2017-07-05","2017-07-18 18:01:47","system","1","七天全额计息"
"236282","RZ20170705013","0.006000","1684.2672","1203048.0000","2017-07-05","2017-07-05 14:20:01","system","1","七天全额计息"
"241472","RZ20170705012","0.008000","3247.1712","1739556.0000","2017-07-05","2017-07-11 16:03:49","system","1","七天全额阶梯计息"
"257200","RZ20170705011","0.006000","92.1585","460792.4000","2017-07-20","2017-07-28 15:12:29","system","1","七天全额计息"
"257199","RZ20170705011","0.006000","233.2441","1166220.4000","2017-07-19","2017-07-28 15:12:29","system","1","七天全额计息"
"257198","RZ20170705011","0.006000","233.2441","1166220.4000","2017-07-18","2017-07-28 15:12:29","system","1","七天全额计息"
"257197","RZ20170705011","0.006000","233.2441","1166220.4000","2017-07-17","2017-07-28 15:12:29","system","1","七天全额计息"
"257196","RZ20170705011","0.006000","233.2441","1166220.4000","2017-07-16","2017-07-28 15:12:29","system","1","七天全额计息"
"257195","RZ20170705011","0.006000","233.2441","1166220.4000","2017-07-15","2017-07-28 15:12:29","system","1","七天全额计息"
"257194","RZ20170705011","0.006000","233.2441","1166220.4000","2017-07-14","2017-07-28 15:12:29","system","1","七天全额计息"
"257193","RZ20170705011","0.006000","233.2441","1166220.4000","2017-07-13","2017-07-28 15:12:29","system","1","七天全额计息"
"257192","RZ20170705011","0.006000","282.9101","1414550.4000","2017-07-12","2017-07-28 15:12:29","system","1","七天全额计息"
"257191","RZ20170705011","0.006000","3380.3706","2414550.4000","2017-07-05","2017-07-28 15:12:29","system","1","七天全额计息"
"247490","RZ20170705010","0.006000","74.5018","372508.8000","2017-07-18","2017-07-19 15:05:00","system","1","七天全额计息"
"247489","RZ20170705010","0.006000","120.5808","602904.0000","2017-07-17","2017-07-19 15:05:00","system","1","七天全额计息"
"247488","RZ20170705010","0.006000","166.6598","833299.2000","2017-07-16","2017-07-19 15:05:00","system","1","七天全额计息"
"247487","RZ20170705010","0.006000","166.6598","833299.2000","2017-07-15","2017-07-19 15:05:00","system","1","七天全额计息"
"247486","RZ20170705010","0.006000","166.6598","833299.2000","2017-07-14","2017-07-19 15:05:00","system","1","七天全额计息"
"247485","RZ20170705010","0.006000","350.9760","1754880.0000","2017-07-13","2017-07-19 15:05:00","system","1","七天全额计息"
"247484","RZ20170705010","0.006000","350.9760","1754880.0000","2017-07-12","2017-07-19 15:05:00","system","1","七天全额计息"
"247483","RZ20170705010","0.006000","2456.8320","1754880.0000","2017-07-05","2017-07-19 15:05:00","system","1","七天全额计息"
"256978","RZ20170705009","0.006000","2.6654","13327.2000","2017-07-28","2017-07-28 18:30:01","system","1","七天全额计息"
"256342","RZ20170705009","0.006000","13.9882","69940.8000","2017-07-27","2017-07-27 23:50:01","system","1","七天全额计息"
"254896","RZ20170705009","0.006000","13.9882","69940.8000","2017-07-26","2017-07-26 23:50:01","system","1","七天全额计息"
"253516","RZ20170705009","0.006000","13.9882","69940.8000","2017-07-25","2017-07-25 23:50:01","system","1","七天全额计息"
"253515","RZ20170705009","0.006000","25.3109","126554.4000","2017-07-24","2017-07-25 09:47:08","system","1","七天全额计息"
"253514","RZ20170705009","0.006000","25.3109","126554.4000","2017-07-23","2017-07-25 09:47:08","system","1","七天全额计息"
"253513","RZ20170705009","0.006000","25.3109","126554.4000","2017-07-22","2017-07-25 09:47:08","system","1","七天全额计息"
"253512","RZ20170705009","0.006000","25.3109","126554.4000","2017-07-21","2017-07-25 09:47:08","system","1","七天全额计息"
"253511","RZ20170705009","0.006000","25.3109","126554.4000","2017-07-20","2017-07-25 09:47:08","system","1","七天全额计息"
"253510","RZ20170705009","0.006000","36.6336","183168.0000","2017-07-19","2017-07-25 09:47:08","system","1","七天全额计息"
"253509","RZ20170705009","0.006000","36.6336","183168.0000","2017-07-18","2017-07-25 09:47:08","system","1","七天全额计息"
"253508","RZ20170705009","0.006000","36.6336","183168.0000","2017-07-17","2017-07-25 09:47:08","system","1","七天全额计息"
"253507","RZ20170705009","0.006000","36.6336","183168.0000","2017-07-16","2017-07-25 09:47:08","system","1","七天全额计息"
"253506","RZ20170705009","0.006000","36.6336","183168.0000","2017-07-15","2017-07-25 09:47:08","system","1","七天全额计息"
"253505","RZ20170705009","0.006000","36.6336","183168.0000","2017-07-14","2017-07-25 09:47:08","system","1","七天全额计息"
"253504","RZ20170705009","0.006000","47.9563","239781.6000","2017-07-13","2017-07-25 09:47:08","system","1","七天全额计息"
"253503","RZ20170705009","0.006000","47.9563","239781.6000","2017-07-12","2017-07-25 09:47:08","system","1","七天全额计息"
"253502","RZ20170705009","0.006000","578.5114","413222.4000","2017-07-05","2017-07-25 09:47:08","system","1","七天全额计息"
"256977","RZ20170705008","0.006000","106.0468","530233.9200","2017-07-28","2017-07-28 18:30:01","system","1","七天全额计息"
"256341","RZ20170705008","0.006000","118.8081","594040.3200","2017-07-27","2017-07-27 23:50:01","system","1","七天全额计息"
"254895","RZ20170705008","0.006000","118.8081","594040.3200","2017-07-26","2017-07-26 23:50:01","system","1","七天全额计息"
"253436","RZ20170705008","0.006000","118.8081","594040.3200","2017-07-25","2017-07-25 23:50:01","system","1","七天全额计息"
"251070","RZ20170705008","0.006000","118.8081","594040.3200","2017-07-24","2017-07-24 23:50:02","system","1","七天全额计息"
"250946","RZ20170705008","0.006000","118.8081","594040.3200","2017-07-23","2017-07-23 23:50:02","system","1","七天全额计息"
"250822","RZ20170705008","0.006000","118.8081","594040.3200","2017-07-22","2017-07-22 23:50:01","system","1","七天全额计息"
"249500","RZ20170705008","0.006000","118.8081","594040.3200","2017-07-21","2017-07-21 23:50:01","system","1","七天全额计息"
"248050","RZ20170705008","0.006000","118.8081","594040.3200","2017-07-20","2017-07-20 23:50:02","system","1","七天全额计息"
"246592","RZ20170705008","0.006000","118.8081","594040.3200","2017-07-19","2017-07-19 23:50:02","system","1","七天全额计息"
"245732","RZ20170705008","0.006000","118.8081","594040.3200","2017-07-18","2017-07-18 23:50:03","system","1","七天全额计息"
"244728","RZ20170705008","0.006000","118.8081","594040.3200","2017-07-17","2017-07-17 23:50:03","system","1","七天全额计息"
"244607","RZ20170705008","0.006000","118.8081","594040.3200","2017-07-16","2017-07-16 23:50:03","system","1","七天全额计息"
"244485","RZ20170705008","0.006000","118.8081","594040.3200","2017-07-15","2017-07-15 23:50:03","system","1","七天全额计息"
"243743","RZ20170705008","0.006000","118.8081","594040.3200","2017-07-14","2017-07-14 23:50:03","system","1","七天全额计息"
"242797","RZ20170705008","0.006000","118.8081","594040.3200","2017-07-13","2017-07-13 23:50:03","system","1","七天全额计息"
"241938","RZ20170705008","0.006000","118.8081","594040.3200","2017-07-12","2017-07-12 23:50:03","system","1","七天全额计息"
"236132","RZ20170705008","0.006000","831.6564","594040.3200","2017-07-05","2017-07-05 23:50:00","system","1","七天全额计息"
"250294","RZ20170705007","0.010000","139.0560","417168.0000","2017-07-20","2017-07-21 14:20:11","system","1","按天计息"
"250293","RZ20170705007","0.010000","139.0560","417168.0000","2017-07-19","2017-07-21 14:20:11","system","1","按天计息"
"250292","RZ20170705007","0.010000","289.0560","867168.0000","2017-07-18","2017-07-21 14:20:11","system","1","按天计息"
"250291","RZ20170705007","0.010000","289.0560","867168.0000","2017-07-17","2017-07-21 14:20:11","system","1","按天计息"
"250290","RZ20170705007","0.008000","351.2448","1317168.0000","2017-07-16","2017-07-21 14:20:11","system","1","七天全额阶梯计息"
"250289","RZ20170705007","0.008000","351.2448","1317168.0000","2017-07-15","2017-07-21 14:20:11","system","1","七天全额阶梯计息"
"250288","RZ20170705007","0.008000","351.2448","1317168.0000","2017-07-14","2017-07-21 14:20:11","system","1","七天全额阶梯计息"
"250287","RZ20170705007","0.008000","3298.7136","1767168.0000","2017-07-07","2017-07-21 14:20:11","system","1","七天全额阶梯计息"
"247482","RZ20170705006","0.008000","99.3357","372508.8000","2017-07-18","2017-07-19 15:05:00","system","1","七天全额阶梯计息"
"247481","RZ20170705006","0.008000","160.7744","602904.0000","2017-07-17","2017-07-19 15:05:00","system","1","七天全额阶梯计息"
"247480","RZ20170705006","0.008000","222.2131","833299.2000","2017-07-16","2017-07-19 15:05:00","system","1","七天全额阶梯计息"
"247479","RZ20170705006","0.008000","222.2131","833299.2000","2017-07-15","2017-07-19 15:05:00","system","1","七天全额阶梯计息"
"247478","RZ20170705006","0.008000","222.2131","833299.2000","2017-07-14","2017-07-19 15:05:00","system","1","七天全额阶梯计息"
"247477","RZ20170705006","0.008000","467.9680","1754880.0000","2017-07-13","2017-07-19 15:05:00","system","1","七天全额阶梯计息"
"247476","RZ20170705006","0.008000","467.9680","1754880.0000","2017-07-12","2017-07-19 15:05:00","system","1","七天全额阶梯计息"
"247475","RZ20170705006","0.008000","3275.7760","1754880.0000","2017-07-05","2017-07-19 15:05:00","system","1","七天全额阶梯计息"
"254025","RZ20170705005","0.008000","60.6997","227624.0000","2017-07-17","2017-07-25 13:12:00","system","1","七天全额阶梯计息"
"254024","RZ20170705005","0.008000","60.6997","227624.0000","2017-07-16","2017-07-25 13:12:00","system","1","七天全额阶梯计息"
"254023","RZ20170705005","0.008000","60.6997","227624.0000","2017-07-15","2017-07-25 13:12:00","system","1","七天全额阶梯计息"
"254022","RZ20170705005","0.008000","60.6997","227624.0000","2017-07-14","2017-07-25 13:12:00","system","1","七天全额阶梯计息"
"254021","RZ20170705005","0.008000","3439.5648","1842624.0000","2017-07-07","2017-07-25 13:12:00","system","1","七天全额阶梯计息"
"242822","RZ20170705003","0.006000","1097.9942","784281.6000","2017-07-05","2017-07-13 10:22:43","system","1","七天全额计息"
"242821","RZ20170705002","0.008000","1463.9923","784281.6000","2017-07-05","2017-07-13 10:22:43","system","1","七天全额阶梯计息"
"256976","RZ20170705001","0.010000","330.1333","990400.0000","2017-07-28","2017-07-28 18:30:01","system","1","七天全额阶梯计息"
"256908","RZ20170705001","0.010000","330.1333","990400.0000","2017-07-27","2017-07-27 23:50:01","system","1","七天全额阶梯计息"
"256907","RZ20170705001","0.010000","763.4667","2290400.0000","2017-07-26","2017-07-27 17:04:09","system","1","七天全额阶梯计息"
"256906","RZ20170705001","0.010000","763.4667","2290400.0000","2017-07-25","2017-07-27 17:04:09","system","1","七天全额阶梯计息"
"256905","RZ20170705001","0.010000","763.4667","2290400.0000","2017-07-24","2017-07-27 17:04:09","system","1","七天全额阶梯计息"
"256904","RZ20170705001","0.010000","763.4667","2290400.0000","2017-07-23","2017-07-27 17:04:09","system","1","七天全额阶梯计息"
"256903","RZ20170705001","0.010000","763.4667","2290400.0000","2017-07-22","2017-07-27 17:04:09","system","1","七天全额阶梯计息"
"256902","RZ20170705001","0.010000","763.4667","2290400.0000","2017-07-21","2017-07-27 17:04:09","system","1","七天全额阶梯计息"
"256901","RZ20170705001","0.010000","1096.8000","3290400.0000","2017-07-20","2017-07-27 17:04:09","system","1","七天全额阶梯计息"
"256900","RZ20170705001","0.008000","1276.4160","4786560.0000","2017-07-19","2017-07-27 17:04:09","system","1","七天全额阶梯计息"
"256899","RZ20170705001","0.008000","1276.4160","4786560.0000","2017-07-18","2017-07-27 17:04:09","system","1","七天全额阶梯计息"
"256898","RZ20170705001","0.008000","1276.4160","4786560.0000","2017-07-17","2017-07-27 17:04:09","system","1","七天全额阶梯计息"
"256897","RZ20170705001","0.008000","1276.4160","4786560.0000","2017-07-16","2017-07-27 17:04:09","system","1","七天全额阶梯计息"
"256896","RZ20170705001","0.008000","1276.4160","4786560.0000","2017-07-15","2017-07-27 17:04:09","system","1","七天全额阶梯计息"
"256895","RZ20170705001","0.008000","1276.4160","4786560.0000","2017-07-14","2017-07-27 17:04:09","system","1","七天全额阶梯计息"
"256894","RZ20170705001","0.008000","1276.4160","4786560.0000","2017-07-13","2017-07-27 17:04:09","system","1","七天全额阶梯计息"
"256893","RZ20170705001","0.008000","1276.4160","4786560.0000","2017-07-12","2017-07-27 17:04:09","system","1","七天全额阶梯计息"
"256892","RZ20170705001","0.008000","8934.9120","4786560.0000","2017-07-05","2017-07-27 17:04:09","system","1","七天全额阶梯计息"
"246496","RZ20170704018","0.008000","51.4795","193048.0000","2017-07-13","2017-07-18 18:01:47","system","1","七天全额阶梯计息"
"246495","RZ20170704018","0.008000","184.8128","693048.0000","2017-07-12","2017-07-18 18:01:47","system","1","七天全额阶梯计息"
"246494","RZ20170704018","0.008000","2245.6896","1203048.0000","2017-07-05","2017-07-18 18:01:47","system","1","七天全额阶梯计息"
"247178","RZ20170704017","0.006000","82.1760","410880.0000","2017-07-18","2017-07-19 11:27:58","system","1","七天全额计息"
"247177","RZ20170704017","0.006000","82.1760","410880.0000","2017-07-17","2017-07-19 11:27:58","system","1","七天全额计息"
"247176","RZ20170704017","0.006000","82.1760","410880.0000","2017-07-16","2017-07-19 11:27:58","system","1","七天全额计息"
"247175","RZ20170704017","0.006000","82.1760","410880.0000","2017-07-15","2017-07-19 11:27:58","system","1","七天全额计息"
"247174","RZ20170704017","0.006000","82.1760","410880.0000","2017-07-14","2017-07-19 11:27:58","system","1","七天全额计息"
"247173","RZ20170704017","0.006000","82.1760","410880.0000","2017-07-13","2017-07-19 11:27:58","system","1","七天全额计息"
"247172","RZ20170704017","0.006000","82.1760","410880.0000","2017-07-12","2017-07-19 11:27:58","system","1","七天全额计息"
"247171","RZ20170704017","0.006000","128.1760","640880.0000","2017-07-11","2017-07-19 11:27:58","system","1","七天全额计息"
"247170","RZ20170704017","0.006000","1541.2320","1100880.0000","2017-07-04","2017-07-19 11:27:58","system","1","七天全额计息"
"256975","RZ20170704016","0.010000","6663.9467","19991840.0000","2017-07-28","2017-07-28 18:30:01","system","1","七天全额阶梯计息"
"256339","RZ20170704016","0.010000","6663.9467","19991840.0000","2017-07-27","2017-07-27 23:50:01","system","1","七天全额阶梯计息"
"254893","RZ20170704016","0.010000","6663.9467","19991840.0000","2017-07-26","2017-07-26 23:50:01","system","1","七天全额阶梯计息"
"253434","RZ20170704016","0.010000","6663.9467","19991840.0000","2017-07-25","2017-07-25 23:50:01","system","1","七天全额阶梯计息"
"251068","RZ20170704016","0.010000","6663.9467","19991840.0000","2017-07-24","2017-07-24 23:50:02","system","1","七天全额阶梯计息"
"250944","RZ20170704016","0.010000","6663.9467","19991840.0000","2017-07-23","2017-07-23 23:50:02","system","1","七天全额阶梯计息"
"250820","RZ20170704016","0.010000","6663.9467","19991840.0000","2017-07-22","2017-07-22 23:50:01","system","1","七天全额阶梯计息"
"249498","RZ20170704016","0.010000","6663.9467","19991840.0000","2017-07-21","2017-07-21 23:50:01","system","1","七天全额阶梯计息"
"248048","RZ20170704016","0.008000","5331.1573","19991840.0000","2017-07-20","2017-07-20 23:50:02","system","1","七天全额阶梯计息"
"246588","RZ20170704016","0.008000","5331.1573","19991840.0000","2017-07-19","2017-07-19 23:50:02","system","1","七天全额阶梯计息"
"245727","RZ20170704016","0.008000","5331.1573","19991840.0000","2017-07-18","2017-07-18 23:50:02","system","1","七天全额阶梯计息"
"244723","RZ20170704016","0.008000","5331.1573","19991840.0000","2017-07-17","2017-07-17 23:50:03","system","1","七天全额阶梯计息"
"244601","RZ20170704016","0.008000","5331.1573","19991840.0000","2017-07-16","2017-07-16 23:50:03","system","1","七天全额阶梯计息"
"244479","RZ20170704016","0.008000","5331.1573","19991840.0000","2017-07-15","2017-07-15 23:50:03","system","1","七天全额阶梯计息"
"243736","RZ20170704016","0.008000","5331.1573","19991840.0000","2017-07-14","2017-07-14 23:50:03","system","1","七天全额阶梯计息"
"242792","RZ20170704016","0.008000","5331.1573","19991840.0000","2017-07-13","2017-07-13 23:50:03","system","1","七天全额阶梯计息"
"237334","RZ20170704016","0.008000","37318.1013","19991840.0000","2017-07-06","2017-07-06 23:50:00","system","1","七天全额阶梯计息"
"242791","RZ20170704015","0.006000","82.1146","410572.8000","2017-07-13","2017-07-13 23:50:03","system","1","七天全额计息"
"241931","RZ20170704015","0.006000","82.1146","410572.8000","2017-07-12","2017-07-12 23:50:03","system","1","七天全额计息"
"240755","RZ20170704015","0.006000","82.1146","410572.8000","2017-07-11","2017-07-11 23:50:03","system","1","七天全额计息"
"235781","RZ20170704015","0.006000","1437.0048","1026432.0000","2017-07-04","2017-07-04 23:50:00","system","1","七天全额计息"
"255975","RZ20170704014","0.006000","3.2291","16145.2800","2017-07-25","2017-07-26 14:48:40","system","1","七天全额计息"
"255974","RZ20170704014","0.006000","33.2291","166145.2800","2017-07-24","2017-07-26 14:48:40","system","1","七天全额计息"
"255973","RZ20170704014","0.006000","53.2291","266145.2800","2017-07-23","2017-07-26 14:48:40","system","1","七天全额计息"
"255972","RZ20170704014","0.006000","53.2291","266145.2800","2017-07-22","2017-07-26 14:48:40","system","1","七天全额计息"
"255971","RZ20170704014","0.006000","53.2291","266145.2800","2017-07-21","2017-07-26 14:48:40","system","1","七天全额计息"
"255970","RZ20170704014","0.006000","81.2291","406145.2800","2017-07-20","2017-07-26 14:48:40","system","1","七天全额计息"
"255969","RZ20170704014","0.006000","81.2291","406145.2800","2017-07-19","2017-07-26 14:48:40","system","1","七天全额计息"
"255968","RZ20170704014","0.006000","81.2291","406145.2800","2017-07-18","2017-07-26 14:48:40","system","1","七天全额计息"
"255967","RZ20170704014","0.006000","81.2291","406145.2800","2017-07-17","2017-07-26 14:48:40","system","1","七天全额计息"
"255966","RZ20170704014","0.006000","101.2291","506145.2800","2017-07-16","2017-07-26 14:48:40","system","1","七天全额计息"
"255965","RZ20170704014","0.006000","101.2291","506145.2800","2017-07-15","2017-07-26 14:48:40","system","1","七天全额计息"
"255964","RZ20170704014","0.006000","101.2291","506145.2800","2017-07-14","2017-07-26 14:48:40","system","1","七天全额计息"
"255963","RZ20170704014","0.006000","141.2291","706145.2800","2017-07-13","2017-07-26 14:48:40","system","1","七天全额计息"
"255962","RZ20170704014","0.006000","141.2291","706145.2800","2017-07-12","2017-07-26 14:48:40","system","1","七天全额计息"
"255961","RZ20170704014","0.006000","141.2291","706145.2800","2017-07-11","2017-07-26 14:48:40","system","1","七天全额计息"
"255960","RZ20170704014","0.006000","988.6034","706145.2800","2017-07-04","2017-07-26 14:48:40","system","1","七天全额计息"
"247169","RZ20170704013","0.008000","109.5680","410880.0000","2017-07-18","2017-07-19 11:27:58","system","1","七天全额阶梯计息"
