"id","loan_order_id","rate","amount","loan_amount","interest_date","created_time","created_by","active","interest_type","memo"
"4003","RZ20160616002","0.008000","813.4400","3050400.0000","2016-06-17","2016-08-03 22:00:02","system","1","按天计息",""
"4004","RZ20160616002","0.008000","813.4400","3050400.0000","2016-06-18","2016-08-03 22:00:02","system","1","按天计息",""
"4005","RZ20160616002","0.008000","813.4400","3050400.0000","2016-06-19","2016-08-03 22:00:02","system","1","按天计息",""
"4006","RZ20160616002","0.008000","813.4400","3050400.0000","2016-06-20","2016-08-03 22:00:02","system","1","按天计息",""
"4007","RZ20160616002","0.008000","813.4400","3050400.0000","2016-06-21","2016-08-03 22:00:02","system","1","按天计息",""
"4008","RZ20160616002","0.008000","813.4400","3050400.0000","2016-06-22","2016-08-03 22:00:03","system","1","按天计息",""
"4009","RZ20160616002","0.008000","813.4400","3050400.0000","2016-06-23","2016-08-03 22:00:03","system","1","按天计息",""
"4010","RZ20160616002","0.008000","813.4400","3050400.0000","2016-06-24","2016-08-03 22:00:03","system","1","按天计息",""
"4011","RZ20160616002","0.008000","813.4400","3050400.0000","2016-06-25","2016-08-03 22:00:03","system","1","按天计息",""
"4012","RZ20160616002","0.008000","813.4400","3050400.0000","2016-06-26","2016-08-03 22:00:03","system","1","按天计息",""
"4013","RZ20160616002","0.008000","813.4400","3050400.0000","2016-06-27","2016-08-03 22:00:03","system","1","按天计息",""
"4014","RZ20160616002","0.008000","813.4400","3050400.0000","2016-06-28","2016-08-03 22:00:03","system","1","按天计息",""
"4015","RZ20160616002","0.008000","813.4400","3050400.0000","2016-06-29","2016-08-03 22:00:03","system","1","按天计息",""
"4016","RZ20160616002","0.008000","692.0133","2595050.0000","2016-06-30","2016-08-03 22:00:03","system","1","按天计息",""
"4017","RZ20160616002","0.008000","570.5867","2139700.0000","2016-07-01","2016-08-03 22:00:03","system","1","按天计息",""
"4018","RZ20160616002","0.008000","570.5867","2139700.0000","2016-07-02","2016-08-03 22:00:03","system","1","按天计息",""
"4019","RZ20160616002","0.008000","570.5867","2139700.0000","2016-07-03","2016-08-03 22:00:03","system","1","按天计息",""
"4020","RZ20160616002","0.008000","570.5867","2139700.0000","2016-07-04","2016-08-03 22:00:03","system","1","按天计息",""
"4021","RZ20160616002","0.008000","570.5867","2139700.0000","2016-07-05","2016-08-03 22:00:03","system","1","按天计息",""
"4022","RZ20160616002","0.008000","466.5067","1749400.0000","2016-07-06","2016-08-03 22:00:03","system","1","按天计息",""
"4023","RZ20160616002","0.008000","362.4267","1359100.0000","2016-07-07","2016-08-03 22:00:03","system","1","按天计息",""
"4024","RZ20160616002","0.008000","228.5259","856972.0000","2016-07-08","2016-08-03 22:00:03","system","1","按天计息",""
"4025","RZ20160616002","0.008000","228.5259","856972.0000","2016-07-09","2016-08-03 22:00:03","system","1","按天计息",""
"4026","RZ20160616002","0.008000","228.5259","856972.0000","2016-07-10","2016-08-03 22:00:03","system","1","按天计息",""
"2863","RZ20160616008","0.008000","430.6944","1615104.0000","2016-05-31","2016-07-22 11:43:14","system","1","按天计息",""
"2864","RZ20160616008","0.008000","430.6944","1615104.0000","2016-06-01","2016-07-22 11:43:14","system","1","按天计息",""
"2865","RZ20160616008","0.008000","430.6944","1615104.0000","2016-06-02","2016-07-22 11:43:14","system","1","按天计息",""
"2866","RZ20160616008","0.008000","302.2270","1133351.2800","2016-06-03","2016-07-22 11:43:14","system","1","按天计息",""
"2867","RZ20160616008","0.008000","302.2270","1133351.2800","2016-06-04","2016-07-22 11:43:14","system","1","按天计息",""
"2868","RZ20160616008","0.008000","302.2270","1133351.2800","2016-06-05","2016-07-22 11:43:14","system","1","按天计息",""
"2869","RZ20160616008","0.008000","96.7534","362825.0700","2016-06-06","2016-07-22 11:43:14","system","1","按天计息",""
"2870","RZ20160616008","0.008000","20.0395","75148.0700","2016-06-07","2016-07-22 11:43:14","system","1","按天计息",""
"2122","RZ20160616009","0.008000","216.8832","813312.0000","2016-05-31","2016-07-12 22:27:53","system","1","按天计息",""
"2123","RZ20160616009","0.008000","216.8832","813312.0000","2016-06-01","2016-07-12 22:27:53","system","1","按天计息",""
"2124","RZ20160616009","0.008000","216.8832","813312.0000","2016-06-02","2016-07-12 22:27:53","system","1","按天计息",""
"2125","RZ20160616009","0.008000","216.8832","813312.0000","2016-06-03","2016-07-12 22:27:53","system","1","按天计息",""
"2126","RZ20160616009","0.008000","216.8832","813312.0000","2016-06-04","2016-07-12 22:27:53","system","1","按天计息",""
"2127","RZ20160616009","0.008000","216.8832","813312.0000","2016-06-05","2016-07-12 22:27:53","system","1","按天计息",""
"2128","RZ20160616009","0.008000","216.8832","813312.0000","2016-06-06","2016-07-12 22:27:53","system","1","按天计息",""
"2129","RZ20160616009","0.008000","216.8832","813312.0000","2016-06-07","2016-07-12 22:27:53","system","1","按天计息",""
"2130","RZ20160616009","0.008000","116.7328","437747.9300","2016-06-08","2016-07-12 22:27:53","system","1","按天计息",""
"2131","RZ20160616009","0.008000","116.7328","437747.9300","2016-06-09","2016-07-12 22:27:53","system","1","按天计息",""
"2132","RZ20160616009","0.008000","116.7328","437747.9300","2016-06-10","2016-07-12 22:27:53","system","1","按天计息",""
"2133","RZ20160616009","0.008000","116.7328","437747.9300","2016-06-11","2016-07-12 22:27:53","system","1","按天计息",""
"2134","RZ20160616009","0.008000","116.7328","437747.9300","2016-06-12","2016-07-12 22:27:53","system","1","按天计息",""
"2135","RZ20160616009","0.008000","116.7328","437747.9300","2016-06-13","2016-07-12 22:27:53","system","1","按天计息",""
"2136","RZ20160616009","0.008000","116.7328","437747.9300","2016-06-14","2016-07-12 22:27:53","system","1","按天计息",""
"2137","RZ20160616009","0.008000","116.7328","437747.9300","2016-06-15","2016-07-12 22:27:53","system","1","按天计息",""
"2138","RZ20160616009","0.008000","116.7328","437747.9300","2016-06-16","2016-07-12 22:27:53","system","1","按天计息",""
"2139","RZ20160616009","0.008000","116.7328","437747.9300","2016-06-17","2016-07-12 22:27:53","system","1","按天计息",""
"2140","RZ20160616009","0.008000","116.7328","437747.9300","2016-06-18","2016-07-12 22:27:53","system","1","按天计息",""
"2141","RZ20160616009","0.008000","116.7328","437747.9300","2016-06-19","2016-07-12 22:27:53","system","1","按天计息",""
"2142","RZ20160616009","0.008000","116.7328","437747.9300","2016-06-20","2016-07-12 22:27:53","system","1","按天计息",""
"2143","RZ20160616009","0.008000","116.7328","437747.9300","2016-06-21","2016-07-12 22:27:53","system","1","按天计息",""
"2144","RZ20160616009","0.008000","116.7328","437747.9300","2016-06-22","2016-07-12 22:27:53","system","1","按天计息",""
"2145","RZ20160616009","0.008000","116.7328","437747.9300","2016-06-23","2016-07-12 22:27:53","system","1","按天计息",""
"2146","RZ20160616009","0.008000","116.7328","437747.9300","2016-06-24","2016-07-12 22:27:53","system","1","按天计息",""
"2147","RZ20160616009","0.008000","116.7328","437747.9300","2016-06-25","2016-07-12 22:27:53","system","1","按天计息",""
"2148","RZ20160616009","0.008000","116.7328","437747.9300","2016-06-26","2016-07-12 22:27:53","system","1","按天计息",""
"2149","RZ20160616009","0.008000","116.7328","437747.9300","2016-06-27","2016-07-12 22:27:53","system","1","按天计息",""
"2150","RZ20160616009","0.008000","116.7328","437747.9300","2016-06-28","2016-07-12 22:27:53","system","1","按天计息",""
"2151","RZ20160616009","0.008000","116.7328","437747.9300","2016-06-29","2016-07-12 22:27:53","system","1","按天计息",""
"2152","RZ20160616009","0.008000","116.7328","437747.9300","2016-06-30","2016-07-12 22:27:53","system","1","按天计息",""
"2153","RZ20160616009","0.008000","116.7328","437747.9300","2016-07-01","2016-07-12 22:27:53","system","1","按天计息",""
"2154","RZ20160616009","0.008000","116.7328","437747.9300","2016-07-02","2016-07-12 22:27:53","system","1","按天计息",""
"2155","RZ20160616009","0.008000","116.7328","437747.9300","2016-07-03","2016-07-12 22:27:53","system","1","按天计息",""
"2156","RZ20160616009","0.008000","116.7328","437747.9300","2016-07-04","2016-07-12 22:27:53","system","1","按天计息",""
"2157","RZ20160616009","0.008000","116.7328","437747.9300","2016-07-05","2016-07-12 22:27:53","system","1","按天计息",""
"2158","RZ20160616009","0.008000","116.7328","437747.9300","2016-07-06","2016-07-12 22:27:53","system","1","按天计息",""
"2159","RZ20160616009","0.008000","116.7328","437747.9300","2016-07-07","2016-07-12 22:27:53","system","1","按天计息",""
"2160","RZ20160616009","0.008000","116.7328","437747.9300","2016-07-08","2016-07-12 22:27:53","system","1","按天计息",""
"2161","RZ20160616009","0.008000","116.7328","437747.9300","2016-07-09","2016-07-12 22:27:53","system","1","按天计息",""
"2162","RZ20160616009","0.008000","116.7328","437747.9300","2016-07-10","2016-07-12 22:27:53","system","1","按天计息",""
"2163","RZ20160616009","0.008000","116.7328","437747.9300","2016-07-11","2016-07-12 22:27:53","system","1","按天计息",""
"2164","RZ20160616009","0.008000","116.7328","437747.9300","2016-07-12","2016-07-12 23:58:00","system","1","按天计息",""
"2182","RZ20160616009","0.008000","116.7328","437747.9300","2016-07-13","2016-07-13 23:58:00","system","1","按天计息",""
"2203","RZ20160616009","0.008000","116.7328","437747.9300","2016-07-14","2016-07-14 23:58:00","system","1","按天计息",""
"2225","RZ20160616009","0.008000","116.7328","437747.9300","2016-07-15","2016-07-15 23:58:00","system","1","按天计息",""
"2281","RZ20160616009","0.008000","116.7328","437747.9300","2016-07-16","2016-07-16 23:58:00","system","1","按天计息",""
"2302","RZ20160616009","0.008000","116.7328","437747.9300","2016-07-17","2016-07-17 23:58:00","system","1","按天计息",""
"2323","RZ20160616009","0.008000","116.7328","437747.9300","2016-07-18","2016-07-18 23:58:00","system","1","按天计息",""
"2511","RZ20160616009","0.008000","116.7328","437747.9300","2016-07-19","2016-07-19 23:58:00","system","1","按天计息",""
"2569","RZ20160616009","0.008000","116.7328","437747.9300","2016-07-20","2016-07-20 23:58:00","system","1","按天计息",""
"2631","RZ20160616009","0.008000","116.7328","437747.9300","2016-07-21","2016-07-21 23:58:00","system","1","按天计息",""
"2839","RZ20160616009","0.008000","116.7328","437747.9300","2016-07-22","2016-07-22 11:44:00","system","1","按天计息",""
"5318","RZ20160616010","0.008000","327.6288","1228608.0000","2016-05-31","2016-08-13 15:37:35","system","1","按天计息",""
"5319","RZ20160616010","0.008000","327.6288","1228608.0000","2016-06-01","2016-08-13 15:37:35","system","1","按天计息",""
"5320","RZ20160616010","0.008000","172.4086","646532.2800","2016-06-02","2016-08-13 15:37:35","system","1","按天计息",""
"5321","RZ20160616011","0.008000","153.3692","575134.5600","2016-05-31","2016-08-13 15:38:25","system","1","按天计息",""
"5322","RZ20160616011","0.008000","48.5602","182100.6400","2016-06-01","2016-08-13 15:38:25","system","1","按天计息",""
"5323","RZ20160616012","0.008000","65.5258","245721.6000","2016-05-31","2016-08-13 15:38:45","system","1","按天计息",""
"5324","RZ20160616012","0.008000","65.5258","245721.6000","2016-06-01","2016-08-13 15:38:45","system","1","按天计息",""
"5325","RZ20160616012","0.008000","65.5258","245721.6000","2016-06-02","2016-08-13 15:38:45","system","1","按天计息",""
"1300","RZ20160617004","0.012000","381.0240","952560.0000","2016-06-17","2016-06-29 12:59:05","system","1","按天计息",""
"1301","RZ20160617004","0.012000","381.0240","952560.0000","2016-06-18","2016-06-29 12:59:05","system","1","按天计息",""
"1302","RZ20160617004","0.012000","381.0240","952560.0000","2016-06-19","2016-06-29 12:59:05","system","1","按天计息",""
"1303","RZ20160617004","0.012000","381.0240","952560.0000","2016-06-20","2016-06-29 12:59:05","system","1","按天计息",""
"1304","RZ20160617004","0.012000","381.0240","952560.0000","2016-06-21","2016-06-29 12:59:05","system","1","按天计息",""
"1305","RZ20160617004","0.012000","381.0240","952560.0000","2016-06-22","2016-06-29 12:59:05","system","1","按天计息",""
"1306","RZ20160617004","0.012000","381.0240","952560.0000","2016-06-23","2016-06-29 12:59:05","system","1","按天计息",""
"1307","RZ20160617004","0.012000","381.0240","952560.0000","2016-06-24","2016-06-29 12:59:05","system","1","按天计息",""
"1308","RZ20160617004","0.012000","381.0240","952560.0000","2016-06-25","2016-06-29 12:59:05","system","1","按天计息",""
"1309","RZ20160617004","0.012000","381.0240","952560.0000","2016-06-26","2016-06-29 12:59:05","system","1","按天计息",""
"1310","RZ20160617004","0.012000","381.0240","952560.0000","2016-06-27","2016-06-29 12:59:05","system","1","按天计息",""
"1311","RZ20160617004","0.012000","381.0240","952560.0000","2016-06-28","2016-06-29 12:59:05","system","1","按天计息",""
"1312","RZ20160617004","0.012000","381.0240","952560.0000","2016-06-29","2016-06-29 23:58:00","system","1","按天计息",""
"1369","RZ20160617004","0.012000","381.0240","952560.0000","2016-06-30","2016-06-30 23:58:00","system","1","按天计息",""
"1390","RZ20160617004","0.012000","381.0240","952560.0000","2016-07-01","2016-07-01 23:58:00","system","1","按天计息",""
"1413","RZ20160617004","0.012000","381.0240","952560.0000","2016-07-02","2016-07-02 23:58:00","system","1","按天计息",""
"1435","RZ20160617004","0.012000","381.0240","952560.0000","2016-07-03","2016-07-03 23:58:00","system","1","按天计息",""
"1454","RZ20160617004","0.012000","381.0240","952560.0000","2016-07-04","2016-07-04 23:58:00","system","1","按天计息",""
"1475","RZ20160617004","0.012000","381.0240","952560.0000","2016-07-05","2016-07-05 23:58:00","system","1","按天计息",""
"1497","RZ20160617004","0.012000","381.0240","952560.0000","2016-07-06","2016-07-06 16:48:00","system","1","按天计息",""
"674","RZ20160617013","0.045000","384.2640","256176.0000","2016-06-03","2016-06-22 13:45:54","system","1","按天计息",""
"675","RZ20160617013","0.045000","384.2640","256176.0000","2016-06-04","2016-06-22 13:45:54","system","1","按天计息",""
"676","RZ20160617013","0.045000","384.2640","256176.0000","2016-06-05","2016-06-22 13:45:54","system","1","按天计息",""
"677","RZ20160617013","0.045000","384.2640","256176.0000","2016-06-06","2016-06-22 13:45:54","system","1","按天计息",""
"678","RZ20160617013","0.045000","384.2640","256176.0000","2016-06-07","2016-06-22 13:45:54","system","1","按天计息",""
"618","RZ20160620001","0.060000","351.9360","175968.0000","2016-05-19","2016-06-22 13:44:16","system","1","按天计息",""
"619","RZ20160620001","0.060000","351.9360","175968.0000","2016-05-20","2016-06-22 13:44:16","system","1","按天计息",""
"620","RZ20160620001","0.060000","351.9360","175968.0000","2016-05-21","2016-06-22 13:44:16","system","1","按天计息",""
"621","RZ20160620001","0.060000","351.9360","175968.0000","2016-05-22","2016-06-22 13:44:16","system","1","按天计息",""
"4314","RZ20160620002","0.008000","901.8240","3381840.0000","2016-06-30","2016-08-05 10:13:51","system","1","按天计息",""
"4315","RZ20160620002","0.008000","901.8240","3381840.0000","2016-07-01","2016-08-05 10:13:51","system","1","按天计息",""
"4316","RZ20160620002","0.008000","901.8240","3381840.0000","2016-07-02","2016-08-05 10:13:51","system","1","按天计息",""
"4317","RZ20160620002","0.008000","901.8240","3381840.0000","2016-07-03","2016-08-05 10:13:51","system","1","按天计息",""
"4318","RZ20160620002","0.008000","901.8240","3381840.0000","2016-07-04","2016-08-05 10:13:51","system","1","按天计息",""
"4319","RZ20160620002","0.008000","901.8240","3381840.0000","2016-07-05","2016-08-05 10:13:51","system","1","按天计息",""
"4320","RZ20160620002","0.008000","901.8240","3381840.0000","2016-07-06","2016-08-05 10:13:51","system","1","按天计息",""
"4321","RZ20160620002","0.008000","901.8240","3381840.0000","2016-07-07","2016-08-05 10:13:51","system","1","按天计息",""
"4322","RZ20160620002","0.008000","901.8240","3381840.0000","2016-07-08","2016-08-05 10:13:51","system","1","按天计息",""
"4323","RZ20160620002","0.008000","901.8240","3381840.0000","2016-07-09","2016-08-05 10:13:51","system","1","按天计息",""
"4324","RZ20160620002","0.008000","901.8240","3381840.0000","2016-07-10","2016-08-05 10:13:51","system","1","按天计息",""
"4325","RZ20160620002","0.008000","901.8240","3381840.0000","2016-07-11","2016-08-05 10:13:51","system","1","按天计息",""
"4326","RZ20160620002","0.008000","901.8240","3381840.0000","2016-07-12","2016-08-05 10:13:51","system","1","按天计息",""
"4327","RZ20160620002","0.008000","901.8240","3381840.0000","2016-07-13","2016-08-05 10:13:51","system","1","按天计息",""
"4328","RZ20160620002","0.008000","901.8240","3381840.0000","2016-07-14","2016-08-05 10:13:51","system","1","按天计息",""
"4329","RZ20160620002","0.008000","901.8240","3381840.0000","2016-07-15","2016-08-05 10:13:51","system","1","按天计息",""
"4330","RZ20160620002","0.008000","901.8240","3381840.0000","2016-07-16","2016-08-05 10:13:51","system","1","按天计息",""
"4331","RZ20160620002","0.008000","901.8240","3381840.0000","2016-07-17","2016-08-05 10:13:51","system","1","按天计息",""
"4332","RZ20160620002","0.008000","901.8240","3381840.0000","2016-07-18","2016-08-05 10:13:51","system","1","按天计息",""
"4333","RZ20160620002","0.008000","836.0660","3135247.5000","2016-07-19","2016-08-05 10:13:51","system","1","按天计息",""
"4334","RZ20160620002","0.008000","836.0660","3135247.5000","2016-07-20","2016-08-05 10:13:51","system","1","按天计息",""
"4335","RZ20160620002","0.008000","635.0344","2381379.0000","2016-07-21","2016-08-05 10:13:51","system","1","按天计息",""
"4336","RZ20160620002","0.008000","488.4880","1831830.0000","2016-07-22","2016-08-05 10:13:51","system","1","按天计息",""
"4337","RZ20160620002","0.008000","488.4880","1831830.0000","2016-07-23","2016-08-05 10:13:51","system","1","按天计息",""
"4338","RZ20160620002","0.008000","488.4880","1831830.0000","2016-07-24","2016-08-05 10:13:51","system","1","按天计息",""
"4339","RZ20160620002","0.008000","353.2144","1324554.0000","2016-07-25","2016-08-05 10:13:51","system","1","按天计息",""
"4340","RZ20160620002","0.008000","353.2144","1324554.0000","2016-07-26","2016-08-05 10:13:51","system","1","按天计息",""
"4341","RZ20160620002","0.008000","219.8196","824323.5000","2016-07-27","2016-08-05 10:13:51","system","1","按天计息",""
"4342","RZ20160620002","0.008000","219.8196","824323.5000","2016-07-28","2016-08-05 10:13:51","system","1","按天计息",""
"4343","RZ20160620002","0.008000","154.0616","577731.0000","2016-07-29","2016-08-05 10:13:51","system","1","按天计息",""
"4344","RZ20160620002","0.008000","154.0616","577731.0000","2016-07-30","2016-08-05 10:13:51","system","1","按天计息",""
"4345","RZ20160620002","0.008000","154.0616","577731.0000","2016-07-31","2016-08-05 10:13:51","system","1","按天计息",""
"4346","RZ20160620002","0.008000","154.0616","577731.0000","2016-08-01","2016-08-05 10:13:51","system","1","按天计息",""
"4347","RZ20160620002","0.008000","86.4248","324093.0000","2016-08-02","2016-08-05 10:13:51","system","1","按天计息",""
"4348","RZ20160620002","0.008000","20.6668","77500.5000","2016-08-03","2016-08-05 10:13:51","system","1","按天计息",""
"4349","RZ20160620002","0.008000","20.6668","77500.5000","2016-08-04","2016-08-05 10:13:51","system","1","按天计息",""
"4350","RZ20160620002","0.008000","20.6668","77500.5000","2016-08-05","2016-08-05 17:56:00","system","1","按天计息",""
"2611","RZ20160621001","","15000.0000","1474308.0000","2016-05-18","2016-07-20 17:19:41","system","1","固定利息",""
"2612","RZ20160621005","","13440.0000","1275187.2000","2016-06-03","2016-07-20 17:19:41","system","1","固定利息",""
"953","RZ20160621007","","966.3700","2512556.8000","2016-05-17","2016-06-27 23:46:00","system","1","固定利息",""
"4622","RZ20160621015","0.008000","2432.6702","9122513.4000","2016-05-12","2016-08-05 16:06:56","system","1","按天计息",""
"4623","RZ20160621015","0.008000","2432.6702","9122513.4000","2016-05-13","2016-08-05 16:06:56","system","1","按天计息",""
"4624","RZ20160621015","0.008000","2432.6702","9122513.4000","2016-05-14","2016-08-05 16:06:56","system","1","按天计息",""
"4625","RZ20160621015","0.008000","2432.6702","9122513.4000","2016-05-15","2016-08-05 16:06:56","system","1","按天计息",""
"4626","RZ20160621015","0.008000","1807.2036","6777013.4000","2016-05-16","2016-08-05 16:06:56","system","1","按天计息",""
"4627","RZ20160621015","0.008000","1081.1868","4054450.4000","2016-05-17","2016-08-05 16:06:56","system","1","按天计息",""
"4628","RZ20160621015","0.008000","1081.1868","4054450.4000","2016-05-18","2016-08-05 16:06:56","system","1","按天计息",""
"4629","RZ20160621015","0.008000","1081.1868","4054450.4000","2016-05-19","2016-08-05 16:06:56","system","1","按天计息",""
"4630","RZ20160621015","0.008000","969.9868","3637450.4000","2016-05-20","2016-08-05 16:06:56","system","1","按天计息",""
"4631","RZ20160621015","0.008000","969.9868","3637450.4000","2016-05-21","2016-08-05 16:06:56","system","1","按天计息",""
"4632","RZ20160621015","0.008000","969.9868","3637450.4000","2016-05-22","2016-08-05 16:06:56","system","1","按天计息",""
"4633","RZ20160621015","0.008000","153.9868","577450.4000","2016-05-23","2016-08-05 16:06:56","system","1","按天计息",""
"1228","RZ20160624001","0.001200","45.9562","1148904.0000","2016-06-24","2016-06-29 12:32:30","system","1","按天计息",""
"1229","RZ20160624001","0.001200","45.9562","1148904.0000","2016-06-25","2016-06-29 12:32:30","system","1","按天计息",""
"1230","RZ20160624001","0.001200","45.9562","1148904.0000","2016-06-26","2016-06-29 12:32:30","system","1","按天计息",""
"1231","RZ20160624001","0.001200","45.9562","1148904.0000","2016-06-27","2016-06-29 12:32:30","system","1","按天计息",""
"891","RZ20160624002","0.001200","40.8499","1021248.0000","2016-06-24","2016-06-24 23:58:00","system","1","按天计息",""
"909","RZ20160624002","0.001200","40.8499","1021248.0000","2016-06-25","2016-06-25 23:58:00","system","1","按天计息",""
"928","RZ20160624002","0.001200","40.8499","1021248.0000","2016-06-26","2016-06-26 23:58:00","system","1","按天计息",""
"947","RZ20160624002","0.001200","40.8499","1021248.0000","2016-06-27","2016-06-27 23:58:00","system","1","按天计息",""
"978","RZ20160624002","0.001200","40.8499","1021248.0000","2016-06-28","2016-06-28 18:16:00","system","1","按天计息",""
"892","RZ20160624003","0.001200","33.1344","828360.0000","2016-06-24","2016-06-24 23:58:00","system","1","按天计息",""
"910","RZ20160624003","0.001200","33.1344","828360.0000","2016-06-25","2016-06-25 23:58:00","system","1","按天计息",""
"929","RZ20160624003","0.001200","33.1344","828360.0000","2016-06-26","2016-06-26 23:58:00","system","1","按天计息",""
"948","RZ20160624003","0.001200","33.1344","828360.0000","2016-06-27","2016-06-27 23:58:00","system","1","按天计息",""
"979","RZ20160624003","0.001200","33.1344","828360.0000","2016-06-28","2016-06-28 18:16:00","system","1","按天计息",""
"1359","RZ20160628004","0.024000","7297.0800","1303050.0000","2016-06-28","2016-06-29 17:24:11","system","1","按天计息",""
"1506","RZ20160628004","0.024000","1042.4400","1303050.0000","2016-07-06","2016-07-06 23:58:00","system","1","按天计息",""
"1912","RZ20160628004","0.024000","1042.4400","1303050.0000","2016-07-07","2016-07-07 23:58:00","system","1","按天计息",""
"1960","RZ20160628004","0.024000","1042.4400","1303050.0000","2016-07-08","2016-07-08 23:58:00","system","1","按天计息",""
"1977","RZ20160628004","0.024000","1042.4400","1303050.0000","2016-07-09","2016-07-09 23:58:00","system","1","按天计息",""
"1989","RZ20160628004","0.024000","1042.4400","1303050.0000","2016-07-10","2016-07-10 23:58:00","system","1","按天计息",""
"2001","RZ20160628004","0.024000","1042.4400","1303050.0000","2016-07-11","2016-07-11 23:58:00","system","1","按天计息",""
"2013","RZ20160628004","0.024000","1042.4400","1303050.0000","2016-07-12","2016-07-12 11:10:00","system","1","按天计息",""
"1651","RZ20160629001","0.001200","38.1024","952560.0000","2016-06-17","2016-07-06 18:11:23","system","1","按天计息",""
"1652","RZ20160629001","0.001200","38.1024","952560.0000","2016-06-18","2016-07-06 18:11:23","system","1","按天计息",""
"1653","RZ20160629001","0.001200","38.1024","952560.0000","2016-06-19","2016-07-06 18:11:23","system","1","按天计息",""
"1654","RZ20160629001","0.001200","38.1024","952560.0000","2016-06-20","2016-07-06 18:11:23","system","1","按天计息",""
"1655","RZ20160629001","0.001200","38.1024","952560.0000","2016-06-21","2016-07-06 18:11:23","system","1","按天计息",""
"1656","RZ20160629001","0.001200","38.1024","952560.0000","2016-06-22","2016-07-06 18:11:23","system","1","按天计息",""
"1657","RZ20160629001","0.001200","38.1024","952560.0000","2016-06-23","2016-07-06 18:11:23","system","1","按天计息",""
"1658","RZ20160629001","0.001200","38.1024","952560.0000","2016-06-24","2016-07-06 18:11:23","system","1","按天计息",""
"1659","RZ20160629001","0.001200","38.1024","952560.0000","2016-06-25","2016-07-06 18:11:23","system","1","按天计息",""
"1660","RZ20160629001","0.001200","38.1024","952560.0000","2016-06-26","2016-07-06 18:11:23","system","1","按天计息",""
"1661","RZ20160629001","0.001200","38.1024","952560.0000","2016-06-27","2016-07-06 18:11:23","system","1","按天计息",""
"1526","RZ20160629005","0.012000","381.0240","952560.0000","2016-06-17","2016-07-06 15:09:28","system","1","按天计息",""
"1527","RZ20160629005","0.012000","381.0240","952560.0000","2016-06-18","2016-07-06 15:09:28","system","1","按天计息",""
"1528","RZ20160629005","0.012000","381.0240","952560.0000","2016-06-19","2016-07-06 15:09:28","system","1","按天计息",""
"1529","RZ20160629005","0.012000","381.0240","952560.0000","2016-06-20","2016-07-06 15:09:28","system","1","按天计息",""
"1530","RZ20160629005","0.012000","381.0240","952560.0000","2016-06-21","2016-07-06 15:09:28","system","1","按天计息",""
"1531","RZ20160629005","0.012000","381.0240","952560.0000","2016-06-22","2016-07-06 15:09:28","system","1","按天计息",""
"1532","RZ20160629005","0.012000","381.0240","952560.0000","2016-06-23","2016-07-06 15:09:28","system","1","按天计息",""
"1533","RZ20160629005","0.012000","381.0240","952560.0000","2016-06-24","2016-07-06 15:09:28","system","1","按天计息",""
"1534","RZ20160629005","0.012000","381.0240","952560.0000","2016-06-25","2016-07-06 15:09:28","system","1","按天计息",""
"1535","RZ20160629005","0.012000","381.0240","952560.0000","2016-06-26","2016-07-06 15:09:28","system","1","按天计息",""
"1536","RZ20160629005","0.012000","381.0240","952560.0000","2016-06-27","2016-07-06 15:09:28","system","1","按天计息",""
"1537","RZ20160629005","0.012000","381.0240","952560.0000","2016-06-28","2016-07-06 15:09:28","system","1","按天计息",""
"1538","RZ20160629005","0.012000","381.0240","952560.0000","2016-06-29","2016-07-06 15:09:28","system","1","按天计息",""
"1539","RZ20160629005","0.012000","381.0240","952560.0000","2016-06-30","2016-07-06 15:09:28","system","1","按天计息",""
"1540","RZ20160629005","0.012000","381.0240","952560.0000","2016-07-01","2016-07-06 15:09:28","system","1","按天计息",""
"1541","RZ20160629005","0.012000","381.0240","952560.0000","2016-07-02","2016-07-06 15:09:28","system","1","按天计息",""
"1542","RZ20160629005","0.012000","381.0240","952560.0000","2016-07-03","2016-07-06 15:09:28","system","1","按天计息",""
"1543","RZ20160629005","0.012000","381.0240","952560.0000","2016-07-04","2016-07-06 15:09:28","system","1","按天计息",""
"1544","RZ20160629005","0.012000","381.0240","952560.0000","2016-07-05","2016-07-06 15:09:28","system","1","按天计息",""
"1545","RZ20160629005","0.012000","381.0240","952560.0000","2016-07-06","2016-07-06 16:48:00","system","1","按天计息",""
"1885","RZ20160704008","0.008000","4165.5600","2231550.0000","2016-07-05","2016-07-06 22:09:07","system","1","按天计息",""
"2189","RZ20160704008","0.008000","595.0800","2231550.0000","2016-07-13","2016-07-13 08:30:00","system","1","按天计息",""
"5326","RZ20160705001","0.010000","995.9040","266760.0000","2016-07-06","2016-08-13 15:39:23","system","1","按天计息",""
"5775","RZ20160705002","0.010000","2967.5520","1065139.2000","2016-07-06","2016-08-15 17:59:15","system","1","按天计息",""
"5776","RZ20160705002","0.010000","56.5248","169574.4000","2016-07-13","2016-08-15 17:59:15","system","1","按天计息",""
"5777","RZ20160705002","0.010000","30.0288","90086.4000","2016-07-14","2016-08-15 17:59:15","system","1","按天计息",""
"5778","RZ20160705002","0.010000","30.0288","90086.4000","2016-07-15","2016-08-15 17:59:15","system","1","按天计息",""
"5779","RZ20160705002","0.010000","30.0288","90086.4000","2016-07-16","2016-08-15 17:59:15","system","1","按天计息",""
"5780","RZ20160705002","0.010000","30.0288","90086.4000","2016-07-17","2016-08-15 17:59:15","system","1","按天计息",""
"5781","RZ20160705002","0.010000","30.0288","90086.4000","2016-07-18","2016-08-15 17:59:15","system","1","按天计息",""
"5782","RZ20160705002","0.010000","30.0288","90086.4000","2016-07-19","2016-08-15 17:59:15","system","1","按天计息",""
"5783","RZ20160705002","0.010000","30.0288","90086.4000","2016-07-20","2016-08-15 17:59:15","system","1","按天计息",""
"5784","RZ20160705002","0.010000","30.0288","90086.4000","2016-07-21","2016-08-15 17:59:15","system","1","按天计息",""
"5785","RZ20160705002","0.010000","30.0288","90086.4000","2016-07-22","2016-08-15 17:59:15","system","1","按天计息",""
"5786","RZ20160705002","0.010000","30.0288","90086.4000","2016-07-23","2016-08-15 17:59:15","system","1","按天计息",""
"5787","RZ20160705002","0.010000","30.0288","90086.4000","2016-07-24","2016-08-15 17:59:15","system","1","按天计息",""
"5788","RZ20160705002","0.010000","30.0288","90086.4000","2016-07-25","2016-08-15 17:59:15","system","1","按天计息",""
"5789","RZ20160705002","0.010000","30.0288","90086.4000","2016-07-26","2016-08-15 17:59:15","system","1","按天计息",""
"5790","RZ20160705002","0.010000","30.0288","90086.4000","2016-07-27","2016-08-15 17:59:15","system","1","按天计息",""
"5791","RZ20160705002","0.010000","30.0288","90086.4000","2016-07-28","2016-08-15 17:59:15","system","1","按天计息",""
"5792","RZ20160705002","0.010000","30.0288","90086.4000","2016-07-29","2016-08-15 17:59:15","system","1","按天计息",""
"5793","RZ20160705002","0.010000","30.0288","90086.4000","2016-07-30","2016-08-15 17:59:15","system","1","按天计息",""
"5794","RZ20160705002","0.010000","30.0288","90086.4000","2016-07-31","2016-08-15 17:59:15","system","1","按天计息",""
"5795","RZ20160705002","0.010000","30.0288","90086.4000","2016-08-01","2016-08-15 17:59:15","system","1","按天计息",""
"5796","RZ20160705002","0.010000","30.0288","90086.4000","2016-08-02","2016-08-15 17:59:15","system","1","按天计息",""
"5797","RZ20160705002","0.010000","30.0288","90086.4000","2016-08-03","2016-08-15 17:59:15","system","1","按天计息",""
"5798","RZ20160705002","0.010000","30.0288","90086.4000","2016-08-04","2016-08-15 17:59:15","system","1","按天计息",""
"5799","RZ20160705002","0.010000","30.0288","90086.4000","2016-08-05","2016-08-15 17:59:15","system","1","按天计息",""
"5800","RZ20160705002","0.010000","30.0288","90086.4000","2016-08-06","2016-08-15 17:59:15","system","1","按天计息",""
"5801","RZ20160705002","0.010000","30.0288","90086.4000","2016-08-07","2016-08-15 17:59:15","system","1","按天计息",""
"5802","RZ20160705002","0.010000","30.0288","90086.4000","2016-08-08","2016-08-15 17:59:15","system","1","按天计息",""
"5803","RZ20160705002","0.010000","30.0288","90086.4000","2016-08-09","2016-08-15 17:59:15","system","1","按天计息",""
"5804","RZ20160705002","0.010000","30.0288","90086.4000","2016-08-10","2016-08-15 17:59:15","system","1","按天计息",""
"5805","RZ20160705002","0.010000","30.0288","90086.4000","2016-08-11","2016-08-15 17:59:15","system","1","按天计息",""
"5806","RZ20160705002","0.010000","30.0288","90086.4000","2016-08-12","2016-08-15 17:59:15","system","1","按天计息",""
"5807","RZ20160705002","0.010000","30.0288","90086.4000","2016-08-13","2016-08-15 17:59:15","system","1","按天计息",""
"5808","RZ20160705002","0.010000","30.0288","90086.4000","2016-08-14","2016-08-15 17:59:15","system","1","按天计息",""
"5809","RZ20160705002","0.010000","30.0288","90086.4000","2016-08-15","2016-08-15 18:00:00","system","1","按天计息",""
"5327","RZ20160705003","0.010000","1486.3464","637005.6000","2016-07-06","2016-08-13 15:39:41","system","1","按天计息",""
"5375","RZ20160705004","0.010000","995.9040","426816.0000","2016-07-06","2016-08-13 15:41:45","system","1","按天计息",""
"5376","RZ20160705005","0.010000","3007.8720","1289088.0000","2016-07-06","2016-08-13 15:42:07","system","1","按天计息",""
"5377","RZ20160705005","0.010000","254.2368","762710.4000","2016-07-13","2016-08-13 15:42:07","system","1","按天计息",""
"5378","RZ20160705005","0.010000","227.3808","682142.4000","2016-07-14","2016-08-13 15:42:07","system","1","按天计息",""
"5379","RZ20160705005","0.010000","211.2672","633801.6000","2016-07-15","2016-08-13 15:42:07","system","1","按天计息",""
"5380","RZ20160705005","0.010000","211.2672","633801.6000","2016-07-16","2016-08-13 15:42:07","system","1","按天计息",""
"5381","RZ20160705005","0.010000","211.2672","633801.6000","2016-07-17","2016-08-13 15:42:07","system","1","按天计息",""
"5382","RZ20160705006","0.010000","1009.3440","286581.6000","2016-07-06","2016-08-13 15:42:45","system","1","按天计息",""
"5383","RZ20160705006","0.010000","39.6528","118958.4000","2016-07-13","2016-08-13 15:42:45","system","1","按天计息",""
"5384","RZ20160705006","0.010000","12.6168","37850.4000","2016-07-14","2016-08-13 15:42:45","system","1","按天计息",""
"5368","RZ20160705007","0.010000","2412.5640","1033956.0000","2016-07-06","2016-08-13 15:41:18","system","1","按天计息",""
"5369","RZ20160705007","0.010000","260.2123","780636.7800","2016-07-13","2016-08-13 15:41:18","system","1","按天计息",""
"5370","RZ20160705007","0.010000","222.3005","666901.6200","2016-07-14","2016-08-13 15:41:18","system","1","按天计息",""
"5371","RZ20160705007","0.010000","187.8353","563506.0200","2016-07-15","2016-08-13 15:41:18","system","1","按天计息",""
"5372","RZ20160705007","0.010000","187.8353","563506.0200","2016-07-16","2016-08-13 15:41:18","system","1","按天计息",""
"5373","RZ20160705007","0.010000","187.8353","563506.0200","2016-07-17","2016-08-13 15:41:18","system","1","按天计息",""
"5374","RZ20160705007","0.010000","88.6518","265955.4000","2016-07-18","2016-08-13 15:41:18","system","1","按天计息",""
"5548","RZ20160705102","0.007000","2077.2864","1065139.2000","2016-07-06","2016-08-13 16:16:03","system","1","按天计息",""
"5549","RZ20160705102","0.007000","39.5674","169574.4000","2016-07-13","2016-08-13 16:16:03","system","1","按天计息",""
"5550","RZ20160705102","0.007000","21.0202","90086.4000","2016-07-14","2016-08-13 16:16:03","system","1","按天计息",""
"5551","RZ20160705102","0.007000","21.0202","90086.4000","2016-07-15","2016-08-13 16:16:03","system","1","按天计息",""
"5552","RZ20160705102","0.007000","21.0202","90086.4000","2016-07-16","2016-08-13 16:16:03","system","1","按天计息",""
"5553","RZ20160705102","0.007000","21.0202","90086.4000","2016-07-17","2016-08-13 16:16:03","system","1","按天计息",""
"5554","RZ20160705102","0.007000","21.0202","90086.4000","2016-07-18","2016-08-13 16:16:03","system","1","按天计息",""
"5555","RZ20160705102","0.007000","21.0202","90086.4000","2016-07-19","2016-08-13 16:16:03","system","1","按天计息",""
"5556","RZ20160705102","0.007000","21.0202","90086.4000","2016-07-20","2016-08-13 16:16:03","system","1","按天计息",""
"5557","RZ20160705102","0.007000","21.0202","90086.4000","2016-07-21","2016-08-13 16:16:03","system","1","按天计息",""
"5558","RZ20160705102","0.007000","21.0202","90086.4000","2016-07-22","2016-08-13 16:16:03","system","1","按天计息",""
"5559","RZ20160705102","0.007000","21.0202","90086.4000","2016-07-23","2016-08-13 16:16:03","system","1","按天计息",""
"5560","RZ20160705102","0.007000","21.0202","90086.4000","2016-07-24","2016-08-13 16:16:03","system","1","按天计息",""
"5561","RZ20160705102","0.007000","21.0202","90086.4000","2016-07-25","2016-08-13 16:16:03","system","1","按天计息",""
"5562","RZ20160705102","0.007000","21.0202","90086.4000","2016-07-26","2016-08-13 16:16:03","system","1","按天计息",""
"5563","RZ20160705102","0.007000","21.0202","90086.4000","2016-07-27","2016-08-13 16:16:03","system","1","按天计息",""
"5564","RZ20160705102","0.007000","21.0202","90086.4000","2016-07-28","2016-08-13 16:16:03","system","1","按天计息",""
"5565","RZ20160705102","0.007000","21.0202","90086.4000","2016-07-29","2016-08-13 16:16:03","system","1","按天计息",""
"5566","RZ20160705102","0.007000","21.0202","90086.4000","2016-07-30","2016-08-13 16:16:03","system","1","按天计息",""
"5567","RZ20160705102","0.007000","21.0202","90086.4000","2016-07-31","2016-08-13 16:16:03","system","1","按天计息",""
"5568","RZ20160705102","0.007000","21.0202","90086.4000","2016-08-01","2016-08-13 16:16:03","system","1","按天计息",""
"5569","RZ20160705102","0.007000","21.0202","90086.4000","2016-08-02","2016-08-13 16:16:03","system","1","按天计息",""
"5570","RZ20160705102","0.007000","21.0202","90086.4000","2016-08-03","2016-08-13 16:16:03","system","1","按天计息",""
"5571","RZ20160705102","0.007000","21.0202","90086.4000","2016-08-04","2016-08-13 16:16:03","system","1","按天计息",""
"5572","RZ20160705102","0.007000","21.0202","90086.4000","2016-08-05","2016-08-13 16:16:03","system","1","按天计息",""
"5573","RZ20160705102","0.007000","21.0202","90086.4000","2016-08-06","2016-08-13 16:16:03","system","1","按天计息",""
"5574","RZ20160705102","0.007000","21.0202","90086.4000","2016-08-07","2016-08-13 16:16:03","system","1","按天计息",""
"5575","RZ20160705102","0.007000","21.0202","90086.4000","2016-08-08","2016-08-13 16:16:03","system","1","按天计息",""
"5576","RZ20160705102","0.007000","21.0202","90086.4000","2016-08-09","2016-08-13 16:16:03","system","1","按天计息",""
"5577","RZ20160705102","0.007000","21.0202","90086.4000","2016-08-10","2016-08-13 16:16:03","system","1","按天计息",""
"5578","RZ20160705102","0.007000","21.0202","90086.4000","2016-08-11","2016-08-13 16:16:03","system","1","按天计息",""
"5579","RZ20160705102","0.007000","21.0202","90086.4000","2016-08-12","2016-08-13 16:16:03","system","1","按天计息",""
"5580","RZ20160705102","0.007000","21.0202","90086.4000","2016-08-13","2016-08-13 23:58:00","system","1","按天计息",""
"5673","RZ20160705102","0.007000","21.0202","90086.4000","2016-08-14","2016-08-14 23:58:00","system","1","按天计息",""
"5696","RZ20160705102","0.007000","21.0202","90086.4000","2016-08-15","2016-08-15 18:00:00","system","1","按天计息",""
"5543","RZ20160705104","0.007000","697.1328","426816.0000","2016-07-06","2016-08-13 16:15:53","system","1","按天计息",""
"5581","RZ20160705105","0.007000","2105.5104","1289088.0000","2016-07-06","2016-08-13 16:16:10","system","1","按天计息",""
"5582","RZ20160705105","0.007000","177.9658","762710.4000","2016-07-13","2016-08-13 16:16:10","system","1","按天计息",""
"5583","RZ20160705105","0.007000","159.1666","682142.4000","2016-07-14","2016-08-13 16:16:10","system","1","按天计息",""
"5584","RZ20160705105","0.007000","147.8870","633801.6000","2016-07-15","2016-08-13 16:16:10","system","1","按天计息",""
"5585","RZ20160705105","0.007000","147.8870","633801.6000","2016-07-16","2016-08-13 16:16:10","system","1","按天计息",""
"5586","RZ20160705105","0.007000","147.8870","633801.6000","2016-07-17","2016-08-13 16:16:10","system","1","按天计息",""
"5545","RZ20160705106","0.007000","706.5408","286581.6000","2016-07-06","2016-08-13 16:15:58","system","1","按天计息",""
"5546","RZ20160705106","0.007000","27.7570","118958.4000","2016-07-13","2016-08-13 16:15:58","system","1","按天计息",""
"5547","RZ20160705106","0.007000","8.8318","37850.4000","2016-07-14","2016-08-13 16:15:58","system","1","按天计息",""
"3085","RZ20160706001","0.010000","12516.0000","5364000.0000","2016-07-06","2016-07-28 11:15:14","system","1","按天计息",""
"3086","RZ20160706001","0.010000","1788.0000","5364000.0000","2016-07-13","2016-07-28 11:15:14","system","1","按天计息",""
"3087","RZ20160706001","0.010000","1788.0000","5364000.0000","2016-07-14","2016-07-28 11:15:14","system","1","按天计息",""
"3088","RZ20160706001","0.010000","1788.0000","5364000.0000","2016-07-15","2016-07-28 11:15:14","system","1","按天计息",""
"3089","RZ20160706001","0.010000","1788.0000","5364000.0000","2016-07-16","2016-07-28 11:15:14","system","1","按天计息",""
"3090","RZ20160706001","0.010000","1788.0000","5364000.0000","2016-07-17","2016-07-28 11:15:14","system","1","按天计息",""
"3091","RZ20160706001","0.010000","1788.0000","5364000.0000","2016-07-18","2016-07-28 11:15:14","system","1","按天计息",""
"3092","RZ20160706001","0.010000","1788.0000","5364000.0000","2016-07-19","2016-07-28 11:15:14","system","1","按天计息",""
"3093","RZ20160706001","0.010000","1788.0000","5364000.0000","2016-07-20","2016-07-28 11:15:14","system","1","按天计息",""
"3094","RZ20160706001","0.010000","1538.0000","4614000.0000","2016-07-21","2016-07-28 11:15:14","system","1","按天计息",""
"3095","RZ20160706001","0.010000","628.0000","1884000.0000","2016-07-22","2016-07-28 11:15:14","system","1","按天计息",""
"3096","RZ20160706001","0.010000","628.0000","1884000.0000","2016-07-23","2016-07-28 11:15:14","system","1","按天计息",""
"3097","RZ20160706001","0.010000","628.0000","1884000.0000","2016-07-24","2016-07-28 11:15:14","system","1","按天计息",""
"3098","RZ20160706001","0.010000","294.6667","884000.0000","2016-07-25","2016-07-28 11:15:14","system","1","按天计息",""
"3099","RZ20160706001","0.010000","234.6667","704000.0000","2016-07-26","2016-07-28 11:15:14","system","1","按天计息",""
"3100","RZ20160706001","0.010000","234.6667","704000.0000","2016-07-27","2016-07-28 11:15:14","system","1","按天计息",""
"3101","RZ20160706001","0.010000","94.6667","284000.0000","2016-07-28","2016-07-28 23:58:00","system","1","按天计息",""
"3319","RZ20160706001","0.010000","94.6667","284000.0000","2016-07-29","2016-07-29 18:46:00","system","1","按天计息",""
"2172","RZ20160707001","0.008000","3554.0736","1903968.0000","2016-06-30","2016-07-12 22:42:56","system","1","按天计息",""
"2470","RZ20160714004","0.008000","191.4448","717918.0000","2016-07-15","2016-07-18 21:09:33","system","1","按天计息",""
"2471","RZ20160714004","0.008000","191.4448","717918.0000","2016-07-16","2016-07-18 21:09:33","system","1","按天计息",""
"2472","RZ20160714004","0.008000","191.4448","717918.0000","2016-07-17","2016-07-18 21:09:33","system","1","按天计息",""
"2473","RZ20160714004","0.008000","191.4448","717918.0000","2016-07-18","2016-07-18 23:58:00","system","1","按天计息",""
"2520","RZ20160714004","0.008000","191.4448","717918.0000","2016-07-19","2016-07-19 23:58:00","system","1","按天计息",""
"2577","RZ20160714004","0.008000","191.4448","717918.0000","2016-07-20","2016-07-20 23:58:00","system","1","按天计息",""
"2640","RZ20160714004","0.008000","191.4448","717918.0000","2016-07-21","2016-07-21 23:58:00","system","1","按天计息",""
"2852","RZ20160714004","0.008000","191.4448","717918.0000","2016-07-22","2016-07-22 23:58:00","system","1","按天计息",""
"2889","RZ20160714004","0.008000","191.4448","717918.0000","2016-07-23","2016-07-23 23:58:00","system","1","按天计息",""
"2909","RZ20160714004","0.008000","191.4448","717918.0000","2016-07-24","2016-07-24 23:58:00","system","1","按天计息",""
"2929","RZ20160714004","0.008000","191.4448","717918.0000","2016-07-25","2016-07-25 23:58:00","system","1","按天计息",""
"2965","RZ20160714004","0.008000","191.4448","717918.0000","2016-07-26","2016-07-26 23:58:00","system","1","按天计息",""
"3024","RZ20160714004","0.008000","191.4448","717918.0000","2016-07-27","2016-07-27 23:58:00","system","1","按天计息",""
"3054","RZ20160714004","0.008000","191.4448","717918.0000","2016-07-28","2016-07-28 23:58:00","system","1","按天计息",""
"3322","RZ20160714004","0.008000","191.4448","717918.0000","2016-07-29","2016-07-29 23:58:00","system","1","按天计息",""
"3352","RZ20160714004","0.008000","191.4448","717918.0000","2016-07-30","2016-07-30 23:58:00","system","1","按天计息",""
"3385","RZ20160714004","0.008000","191.4448","717918.0000","2016-07-31","2016-07-31 23:58:00","system","1","按天计息",""
"3418","RZ20160714004","0.008000","191.4448","717918.0000","2016-08-01","2016-08-01 23:58:00","system","1","按天计息",""
"3500","RZ20160714004","0.008000","191.4448","717918.0000","2016-08-02","2016-08-02 23:58:00","system","1","按天计息",""
"3618","RZ20160714004","0.008000","191.4448","717918.0000","2016-08-03","2016-08-03 23:58:00","system","1","按天计息",""
"4036","RZ20160714004","0.008000","191.4448","717918.0000","2016-08-04","2016-08-04 10:10:00","system","1","按天计息",""
"2540","RZ20160714005","0.008000","323.0400","1211400.0000","2016-07-15","2016-07-19 09:57:29","system","1","按天计息",""
"2541","RZ20160714005","0.008000","323.0400","1211400.0000","2016-07-16","2016-07-19 09:57:29","system","1","按天计息",""
"2542","RZ20160714005","0.008000","323.0400","1211400.0000","2016-07-17","2016-07-19 09:57:29","system","1","按天计息",""
"2543","RZ20160714005","0.008000","323.0400","1211400.0000","2016-07-18","2016-07-19 09:57:29","system","1","按天计息",""
"2544","RZ20160714005","0.008000","323.0400","1211400.0000","2016-07-19","2016-07-19 23:58:00","system","1","按天计息",""
"2578","RZ20160714005","0.008000","323.0400","1211400.0000","2016-07-20","2016-07-20 23:58:00","system","1","按天计息",""
"2641","RZ20160714005","0.008000","323.0400","1211400.0000","2016-07-21","2016-07-21 23:58:00","system","1","按天计息",""
"2853","RZ20160714005","0.008000","323.0400","1211400.0000","2016-07-22","2016-07-22 23:58:00","system","1","按天计息",""
"2890","RZ20160714005","0.008000","323.0400","1211400.0000","2016-07-23","2016-07-23 23:58:00","system","1","按天计息",""
"2910","RZ20160714005","0.008000","323.0400","1211400.0000","2016-07-24","2016-07-24 23:58:00","system","1","按天计息",""
"2930","RZ20160714005","0.008000","297.9147","1117180.0000","2016-07-25","2016-07-25 23:58:00","system","1","按天计息",""
"2966","RZ20160714005","0.008000","262.0213","982580.0000","2016-07-26","2016-07-26 23:58:00","system","1","按天计息",""
"3025","RZ20160714005","0.008000","262.0213","982580.0000","2016-07-27","2016-07-27 23:58:00","system","1","按天计息",""
"3055","RZ20160714005","0.008000","262.0213","982580.0000","2016-07-28","2016-07-28 23:58:00","system","1","按天计息",""
"3323","RZ20160714005","0.008000","262.0213","982580.0000","2016-07-29","2016-07-29 23:58:00","system","1","按天计息",""
"3353","RZ20160714005","0.008000","262.0213","982580.0000","2016-07-30","2016-07-30 23:58:00","system","1","按天计息",""
"3386","RZ20160714005","0.008000","262.0213","982580.0000","2016-07-31","2016-07-31 23:58:00","system","1","按天计息",""
"3419","RZ20160714005","0.008000","215.3600","807600.0000","2016-08-01","2016-08-01 23:58:00","system","1","按天计息",""
"3501","RZ20160714005","0.008000","215.3600","807600.0000","2016-08-02","2016-08-02 23:58:00","system","1","按天计息",""
"3619","RZ20160714005","0.008000","161.5200","605700.0000","2016-08-03","2016-08-03 23:58:00","system","1","按天计息",""
"4037","RZ20160714005","0.008000","161.5200","605700.0000","2016-08-04","2016-08-04 10:10:00","system","1","按天计息",""
"4381","RZ20160714009","0.008000","1503.0400","5636400.0000","2016-08-01","2016-08-05 10:24:25","system","1","按天计息",""
"4382","RZ20160714009","0.008000","1503.0400","5636400.0000","2016-08-02","2016-08-05 10:24:25","system","1","按天计息",""
"4383","RZ20160714009","0.008000","1503.0400","5636400.0000","2016-08-03","2016-08-05 10:24:25","system","1","按天计息",""
"4384","RZ20160714009","0.008000","1503.0400","5636400.0000","2016-08-04","2016-08-05 10:24:25","system","1","按天计息",""
"4385","RZ20160714009","0.008000","1503.0400","5636400.0000","2016-08-05","2016-08-05 23:58:00","system","1","按天计息",""
"4643","RZ20160714009","0.008000","1503.0400","5636400.0000","2016-08-06","2016-08-06 23:58:00","system","1","按天计息",""
"4680","RZ20160714009","0.008000","1503.0400","5636400.0000","2016-08-07","2016-08-07 23:58:00","system","1","按天计息",""
"4700","RZ20160714009","0.008000","1503.0400","5636400.0000","2016-08-08","2016-08-08 23:58:00","system","1","按天计息",""
"4731","RZ20160714009","0.008000","1503.0400","5636400.0000","2016-08-09","2016-08-09 10:00:00","system","1","按天计息",""
"3270","RZ20160715004","0.008000","3800.7890","2036136.9600","2016-07-18","2016-07-28 13:40:34","system","1","按天计息",""
"3271","RZ20160715004","0.008000","486.4105","1824039.3600","2016-07-25","2016-07-28 13:40:34","system","1","按天计息",""
"3272","RZ20160715004","0.008000","316.7324","1187746.5600","2016-07-26","2016-07-28 13:40:34","system","1","按天计息",""
"3273","RZ20160715004","0.008000","316.7324","1187746.5600","2016-07-27","2016-07-28 13:40:34","system","1","按天计息",""
"3274","RZ20160715004","0.008000","316.7324","1187746.5600","2016-07-28","2016-07-28 23:58:00","system","1","按天计息",""
"3328","RZ20160715004","0.008000","316.7324","1187746.5600","2016-07-29","2016-07-29 23:58:00","system","1","按天计息",""
"3358","RZ20160715004","0.008000","316.7324","1187746.5600","2016-07-30","2016-07-30 23:58:00","system","1","按天计息",""
"3391","RZ20160715004","0.008000","316.7324","1187746.5600","2016-07-31","2016-07-31 23:58:00","system","1","按天计息",""
"3424","RZ20160715004","0.008000","316.7324","1187746.5600","2016-08-01","2016-08-01 13:34:00","system","1","按天计息",""
"4134","RZ20160715104","0.007000","3325.6904","2036136.9600","2016-07-18","2016-08-04 15:01:33","system","1","按天计息",""
"4135","RZ20160715104","0.007000","425.6092","1824039.3600","2016-07-25","2016-08-04 15:01:33","system","1","按天计息",""
"4136","RZ20160715104","0.007000","277.1409","1187746.5600","2016-07-26","2016-08-04 15:01:33","system","1","按天计息",""
"4137","RZ20160715104","0.007000","277.1409","1187746.5600","2016-07-27","2016-08-04 15:01:33","system","1","按天计息",""
"4138","RZ20160715104","0.007000","277.1409","1187746.5600","2016-07-28","2016-08-04 15:01:33","system","1","按天计息",""
"4139","RZ20160715104","0.007000","277.1409","1187746.5600","2016-07-29","2016-08-04 15:01:33","system","1","按天计息",""
"4140","RZ20160715104","0.007000","277.1409","1187746.5600","2016-07-30","2016-08-04 15:01:33","system","1","按天计息",""
"4141","RZ20160715104","0.007000","277.1409","1187746.5600","2016-07-31","2016-08-04 15:01:33","system","1","按天计息",""
"4142","RZ20160715104","0.007000","277.1409","1187746.5600","2016-08-01","2016-08-04 15:01:33","system","1","按天计息",""
"4143","RZ20160715104","0.007000","277.1409","1187746.5600","2016-08-02","2016-08-04 15:01:33","system","1","按天计息",""
"4144","RZ20160715104","0.007000","277.1409","1187746.5600","2016-08-03","2016-08-04 15:01:33","system","1","按天计息",""
"3073","RZ20160720002","0.008000","807.4752","432576.0000","2016-07-20","2016-07-28 10:37:13","system","1","按天计息",""
"3074","RZ20160720002","0.008000","36.9703","138638.5300","2016-07-27","2016-07-28 10:37:13","system","1","按天计息",""
"3075","RZ20160720002","0.008000","13.2084","49531.3300","2016-07-28","2016-07-28 23:58:00","system","1","按天计息",""
"3332","RZ20160720002","0.008000","13.2084","49531.3300","2016-07-29","2016-07-29 23:58:00","system","1","按天计息",""
"3362","RZ20160720002","0.008000","13.2084","49531.3300","2016-07-30","2016-07-30 23:58:00","system","1","按天计息",""
"3395","RZ20160720002","0.008000","13.2084","49531.3300","2016-07-31","2016-07-31 23:58:00","system","1","按天计息",""
"3428","RZ20160720002","0.008000","13.2084","49531.3300","2016-08-01","2016-08-01 23:58:00","system","1","按天计息",""
"3510","RZ20160720002","0.008000","13.2084","49531.3300","2016-08-02","2016-08-02 23:58:00","system","1","按天计息",""
"3628","RZ20160720002","0.008000","13.2084","49531.3300","2016-08-03","2016-08-03 23:58:00","system","1","按天计息",""
"4046","RZ20160720002","0.008000","13.2084","49531.3300","2016-08-04","2016-08-04 23:58:00","system","1","按天计息",""
"4228","RZ20160720002","0.008000","13.2084","49531.3300","2016-08-05","2016-08-05 23:58:00","system","1","按天计息",""
"4647","RZ20160720002","0.008000","13.2084","49531.3300","2016-08-06","2016-08-06 14:22:00","system","1","按天计息",""
"3070","RZ20160720003","0.008000","808.2413","432986.4000","2016-07-20","2016-07-28 10:37:07","system","1","按天计息",""
"3071","RZ20160720003","0.008000","13.4027","50260.0000","2016-07-27","2016-07-28 10:37:07","system","1","按天计息",""
"3072","RZ20160720003","0.008000","13.4027","50260.0000","2016-07-28","2016-07-28 23:58:00","system","1","按天计息",""
"3333","RZ20160720003","0.008000","13.4027","50260.0000","2016-07-29","2016-07-29 23:58:00","system","1","按天计息",""
"3363","RZ20160720003","0.008000","13.4027","50260.0000","2016-07-30","2016-07-30 23:58:00","system","1","按天计息",""
"3396","RZ20160720003","0.008000","13.4027","50260.0000","2016-07-31","2016-07-31 23:58:00","system","1","按天计息",""
"3429","RZ20160720003","0.008000","13.4027","50260.0000","2016-08-01","2016-08-01 23:58:00","system","1","按天计息",""
"3511","RZ20160720003","0.008000","13.4027","50260.0000","2016-08-02","2016-08-02 23:58:00","system","1","按天计息",""
"3629","RZ20160720003","0.008000","13.4027","50260.0000","2016-08-03","2016-08-03 23:58:00","system","1","按天计息",""
"4047","RZ20160720003","0.008000","13.4027","50260.0000","2016-08-04","2016-08-04 23:58:00","system","1","按天计息",""
"4229","RZ20160720003","0.008000","13.4027","50260.0000","2016-08-05","2016-08-05 23:58:00","system","1","按天计息",""
"4648","RZ20160720003","0.008000","13.4027","50260.0000","2016-08-06","2016-08-06 14:22:00","system","1","按天计息",""
"3976","RZ20160726001","0.010000","4914.7392","2106316.8000","2016-07-27","2016-08-03 17:46:50","system","1","按天计息",""
"3977","RZ20160726001","0.010000","628.9696","1886908.8000","2016-08-03","2016-08-03 17:46:50","system","1","按天计息",""
"4052","RZ20160726001","0.010000","117.0176","351052.8000","2016-08-04","2016-08-04 23:58:00","system","1","按天计息",""
"4234","RZ20160726001","0.010000","117.0176","351052.8000","2016-08-05","2016-08-05 10:28:00","system","1","按天计息",""
"3978","RZ20160726002","0.010000","3894.9120","1669248.0000","2016-07-27","2016-08-03 17:47:19","system","1","按天计息",""
"3686","RZ20160727001","0.007000","3440.3174","2106316.8000","2016-07-27","2016-08-03 17:23:10","system","1","按天计息",""
"3687","RZ20160727001","0.007000","440.2787","1886908.8000","2016-08-03","2016-08-03 17:23:10","system","1","按天计息",""
"4053","RZ20160727001","0.007000","81.9123","351052.8000","2016-08-04","2016-08-04 23:58:00","system","1","按天计息",""
"4235","RZ20160727001","0.007000","81.9123","351052.8000","2016-08-05","2016-08-05 10:28:00","system","1","按天计息",""
"3683","RZ20160727002","0.007000","2726.4384","1669248.0000","2016-07-27","2016-08-03 17:22:30","system","1","按天计息",""
"4147","RZ20160810001","","10350.0000","952096.5000","2016-02-18","2016-08-04 19:25:09","admin","1","固定利息",""
"4148","RZ20160810002","","15360.0000","1459968.0000","2016-02-18","2016-08-04 19:25:09","admin","1","固定利息",""
"4149","RZ20160810003","","26160.0000","2419777.7640","2016-02-19","2016-08-04 19:25:09","admin","1","固定利息",""
"4150","RZ20160810004","","11520.0000","1067558.4000","2016-02-19","2016-08-04 19:25:09","admin","1","固定利息",""
"4151","RZ20160810005","","12262.5000","1132196.6250","2016-02-19","2016-08-04 19:25:09","admin","1","固定利息",""
"4152","RZ20160810006","","25000.0000","2799225.0000","2016-03-01","2016-08-04 19:25:09","admin","1","固定利息",""
"4153","RZ20160810007","","16200.0000","1539810.0000","2016-03-01","2016-08-04 19:25:09","admin","1","固定利息",""
"4154","RZ20160810008","","20250.0000","1935090.0000","2016-03-01","2016-08-04 19:25:09","admin","1","固定利息",""
"4155","RZ20160810009","","15750.0000","1523812.5000","2016-03-03","2016-08-04 19:25:09","admin","1","固定利息",""
"4156","RZ20160810010","","25000.0000","2510125.0000","2016-03-07","2016-08-04 19:25:09","admin","1","固定利息",""
"4157","RZ20160810011","","0.0000","1098480.0000","2016-04-01","2016-08-04 19:25:09","admin","1","",""
"4158","RZ20160810012","","0.0000","439392.0000","2016-04-08","2016-08-04 19:25:09","admin","1","",""
"4159","RZ20160810013","","3600.0000","360540.0000","2016-04-11","2016-08-04 19:25:09","admin","1","固定利息",""
"4160","RZ20160810014","","10800.0000","1081620.0000","2016-04-11","2016-08-04 19:25:09","admin","1","固定利息",""
"4161","RZ20160810015","","10000.0000","1025971.5000","2016-04-11","2016-08-04 19:25:09","admin","1","固定利息",""
"4162","RZ20160810016","","0.0000","699264.0000","2016-04-15","2016-08-04 19:25:09","admin","1","",""
"4163","RZ20160810017","","0.0000","388080.0000","2016-04-21","2016-08-04 19:25:09","admin","1","",""
"4164","RZ20160810018","","0.0000","439920.0000","2016-04-22","2016-08-04 19:25:09","admin","1","",""
"4165","RZ20160810019","","0.0000","4876734.0000","2016-04-25","2016-08-04 19:25:09","admin","1","",""
"5311","RZ20160812005","","35000.0000","4202800.0000","2016-08-13","2016-08-13 11:27:15","system","1","固定利息",""
"6342","RZ20160816001","0.008000","604.0320","2265120.0000","2016-08-16","2016-08-16 17:02:00","system","1","按天计息",""
"6343","RZ20160816011","0.007000","3699.6960","2265120.0000","2016-08-16","2016-08-16 23:58:00","system","1","按天计息",""
"16993","RZ20160816012","0.010000","5285.2800","2265120.0000","2016-08-16","2016-11-24 10:17:31","system","1","按天计息",""
"16994","RZ20160816012","0.010000","755.0400","2265120.0000","2016-08-23","2016-11-24 10:17:31","system","1","按天计息",""
"16995","RZ20160816012","0.010000","755.0400","2265120.0000","2016-08-24","2016-11-24 10:17:31","system","1","按天计息",""
"16996","RZ20160816012","0.010000","755.0400","2265120.0000","2016-08-25","2016-11-24 10:17:31","system","1","按天计息",""
"16997","RZ20160816012","0.010000","755.0400","2265120.0000","2016-08-26","2016-11-24 10:17:31","system","1","按天计息",""
"16998","RZ20160816012","0.010000","755.0400","2265120.0000","2016-08-27","2016-11-24 10:17:31","system","1","按天计息",""
"16999","RZ20160816012","0.010000","755.0400","2265120.0000","2016-08-28","2016-11-24 10:17:31","system","1","按天计息",""
"17000","RZ20160816012","0.010000","755.0400","2265120.0000","2016-08-29","2016-11-24 10:17:31","system","1","按天计息",""
"17001","RZ20160816012","0.010000","755.0400","2265120.0000","2016-08-30","2016-11-24 10:17:31","system","1","按天计息",""
"17002","RZ20160816012","0.010000","755.0400","2265120.0000","2016-08-31","2016-11-24 10:17:31","system","1","按天计息",""
"17003","RZ20160816012","0.010000","755.0400","2265120.0000","2016-09-01","2016-11-24 10:17:31","system","1","按天计息",""
"17004","RZ20160816012","0.010000","755.0400","2265120.0000","2016-09-02","2016-11-24 10:17:31","system","1","按天计息",""
"17005","RZ20160816012","0.010000","755.0400","2265120.0000","2016-09-03","2016-11-24 10:17:31","system","1","按天计息",""
"17006","RZ20160816012","0.010000","755.0400","2265120.0000","2016-09-04","2016-11-24 10:17:31","system","1","按天计息",""
"17007","RZ20160816012","0.010000","755.0400","2265120.0000","2016-09-05","2016-11-24 10:17:31","system","1","按天计息",""
"17008","RZ20160816012","0.010000","755.0400","2265120.0000","2016-09-06","2016-11-24 10:17:31","system","1","按天计息",""
"17009","RZ20160816012","0.010000","674.3733","2023120.0000","2016-09-07","2016-11-24 10:17:31","system","1","按天计息",""
"17010","RZ20160816012","0.010000","674.3733","2023120.0000","2016-09-08","2016-11-24 10:17:31","system","1","按天计息",""
"17011","RZ20160816012","0.010000","283.1400","849420.0000","2016-09-09","2016-11-24 10:17:31","system","1","按天计息",""
"17012","RZ20160816012","0.010000","283.1400","849420.0000","2016-09-10","2016-11-24 10:17:31","system","1","按天计息",""
"17013","RZ20160816012","0.010000","283.1400","849420.0000","2016-09-11","2016-11-24 10:17:31","system","1","按天计息",""
"17014","RZ20160816012","0.010000","283.1400","849420.0000","2016-09-12","2016-11-24 10:17:31","system","1","按天计息",""
"17015","RZ20160816012","0.010000","204.4900","613470.0000","2016-09-13","2016-11-24 10:17:31","system","1","按天计息",""
"8649","RZ20160818001","0.012000","255.0528","637632.0000","2016-08-05","2016-08-18 20:36:17","system","1","按天计息",""
"8650","RZ20160818001","0.012000","255.0528","637632.0000","2016-08-06","2016-08-18 20:36:17","system","1","按天计息",""
"8651","RZ20160818001","0.012000","255.0528","637632.0000","2016-08-07","2016-08-18 20:36:17","system","1","按天计息",""
"8652","RZ20160818001","0.012000","255.0528","637632.0000","2016-08-08","2016-08-18 20:36:17","system","1","按天计息",""
"8653","RZ20160818001","0.012000","255.0528","637632.0000","2016-08-09","2016-08-18 20:36:17","system","1","按天计息",""
"8654","RZ20160818001","0.012000","255.0528","637632.0000","2016-08-10","2016-08-18 20:36:17","system","1","按天计息",""
"8655","RZ20160818001","0.012000","255.0528","637632.0000","2016-08-11","2016-08-18 20:36:17","system","1","按天计息",""
"8656","RZ20160818001","0.012000","255.0528","637632.0000","2016-08-12","2016-08-18 20:36:17","system","1","按天计息",""
"8657","RZ20160818001","0.012000","255.0528","637632.0000","2016-08-13","2016-08-18 20:36:17","system","1","按天计息",""
"8658","RZ20160818001","0.012000","255.0528","637632.0000","2016-08-14","2016-08-18 20:36:17","system","1","按天计息",""
"8659","RZ20160818001","0.012000","255.0528","637632.0000","2016-08-15","2016-08-18 20:36:17","system","1","按天计息",""
"8660","RZ20160818001","0.012000","255.0528","637632.0000","2016-08-16","2016-08-18 20:36:17","system","1","按天计息",""
"8661","RZ20160818001","0.012000","255.0528","637632.0000","2016-08-17","2016-08-18 20:36:17","system","1","按天计息",""
"8662","RZ20160818001","0.012000","255.0528","637632.0000","2016-08-18","2016-08-18 23:58:00","system","1","按天计息",""
"8772","RZ20160818001","0.012000","255.0528","637632.0000","2016-08-19","2016-08-19 10:44:00","system","1","按天计息",""
"10107","RZ20160905001","","46000.0000","5891680.0000","2016-09-06","2016-09-06 16:53:57","system","1","固定利息",""
"10539","RZ20160909004","0.007000","2386.9559","1461401.6000","2016-09-09","2016-09-09 15:06:00","system","1","按天计息",""
"11637","RZ20160914001","","200.0000","4118800.0000","2016-09-14","2016-09-14 09:07:59","system","1","固定利息",""
"11638","RZ20160914002","","100.0000","5781280.0000","2016-09-14","2016-09-14 09:08:49","system","1","固定利息",""
"11790","RZ20160914003","0.008000","112.5035","421888.0000","2016-09-14","2016-09-17 10:04:37","system","1","按天计息",""
"11791","RZ20160914003","0.008000","112.5035","421888.0000","2016-09-15","2016-09-17 10:04:37","system","1","按天计息",""
"11792","RZ20160914003","0.008000","112.5035","421888.0000","2016-09-16","2016-09-17 10:04:37","system","1","按天计息",""
"11793","RZ20160914003","0.008000","112.5035","421888.0000","2016-09-17","2016-09-17 23:58:00","system","1","按天计息",""
"11826","RZ20160914003","0.008000","112.5035","421888.0000","2016-09-18","2016-09-18 23:58:01","system","1","按天计息",""
"12016","RZ20160914003","0.008000","112.5035","421888.0000","2016-09-19","2016-09-19 15:16:00","system","1","按天计息",""
"13268","RZ20160923003","","950.0000","2503250.0000","2016-09-23","2016-09-23 17:36:43","system","1","固定利息",""
"14585","RZ20160930001","0.008000","2463.6267","1319800.0000","2016-10-09","2016-10-09 23:58:00","system","1","按天计息",""
"14597","RZ20161009002","0.008000","1546.5677","828518.4000","2016-10-09","2016-10-09 14:40:00","system","1","按天计息",""
"14617","RZ20161009005","0.008000","457.5200","245100.0000","2016-09-30","2016-10-09 17:43:18","system","1","按天计息",""
"14618","RZ20161009005","0.008000","65.3600","245100.0000","2016-10-07","2016-10-09 17:43:18","system","1","按天计息",""
"14619","RZ20161009005","0.008000","65.3600","245100.0000","2016-10-08","2016-10-09 17:43:18","system","1","按天计息",""
"14620","RZ20161009005","0.008000","65.3600","245100.0000","2016-10-09","2016-10-09 23:58:00","system","1","按天计息",""
"14651","RZ20161009005","0.008000","65.3600","245100.0000","2016-10-10","2016-10-10 23:58:00","system","1","按天计息",""
"14699","RZ20161009005","0.008000","65.3600","245100.0000","2016-10-11","2016-10-11 23:58:00","system","1","按天计息",""
"14813","RZ20161009005","0.008000","65.3600","245100.0000","2016-10-12","2016-10-12 23:58:00","system","1","按天计息",""
"14839","RZ20161009005","0.008000","65.3600","245100.0000","2016-10-13","2016-10-13 23:58:00","system","1","按天计息",""
"15409","RZ20161009005","0.008000","65.3600","245100.0000","2016-10-14","2016-10-14 23:58:00","system","1","按天计息",""
"15474","RZ20161009005","0.008000","65.3600","245100.0000","2016-10-15","2016-10-15 23:58:00","system","1","按天计息",""
"15488","RZ20161009005","0.008000","65.3600","245100.0000","2016-10-16","2016-10-16 23:58:00","system","1","按天计息",""
"15502","RZ20161009005","0.008000","65.3600","245100.0000","2016-10-17","2016-10-17 23:58:00","system","1","按天计息",""
"15564","RZ20161009005","0.008000","65.3600","245100.0000","2016-10-18","2016-10-18 23:58:00","system","1","按天计息",""
"15577","RZ20161009005","0.008000","65.3600","245100.0000","2016-10-19","2016-10-19 23:58:00","system","1","按天计息",""
"15603","RZ20161009005","0.008000","65.3600","245100.0000","2016-10-20","2016-10-20 23:58:00","system","1","按天计息",""
"15640","RZ20161009005","0.008000","65.3600","245100.0000","2016-10-21","2016-10-21 23:58:00","system","1","按天计息",""
"15719","RZ20161009005","0.008000","65.3600","245100.0000","2016-10-22","2016-10-22 23:58:00","system","1","按天计息",""
"15728","RZ20161009005","0.008000","65.3600","245100.0000","2016-10-23","2016-10-23 23:58:00","system","1","按天计息",""
"15737","RZ20161009005","0.008000","65.3600","245100.0000","2016-10-24","2016-10-24 23:58:00","system","1","按天计息",""
"15775","RZ20161009005","0.008000","65.3600","245100.0000","2016-10-25","2016-10-25 23:58:00","system","1","按天计息",""
"15826","RZ20161009005","0.008000","65.3600","245100.0000","2016-10-26","2016-10-26 23:58:00","system","1","按天计息",""
"15886","RZ20161009005","0.008000","65.3600","245100.0000","2016-10-27","2016-10-27 23:58:00","system","1","按天计息",""
"15929","RZ20161009005","0.008000","65.3600","245100.0000","2016-10-28","2016-10-28 23:58:00","system","1","按天计息",""
"15956","RZ20161009005","0.008000","65.3600","245100.0000","2016-10-29","2016-10-29 23:58:00","system","1","按天计息",""
"15966","RZ20161009005","0.008000","65.3600","245100.0000","2016-10-30","2016-10-30 23:58:00","system","1","按天计息",""
"15976","RZ20161009005","0.008000","65.3600","245100.0000","2016-10-31","2016-10-31 23:58:00","system","1","按天计息",""
"16031","RZ20161009005","0.008000","65.3600","245100.0000","2016-11-01","2016-11-01 23:58:00","system","1","按天计息",""
"16095","RZ20161009005","0.008000","65.3600","245100.0000","2016-11-02","2016-11-02 23:58:00","system","1","按天计息",""
"16142","RZ20161009005","0.008000","65.3600","245100.0000","2016-11-03","2016-11-03 23:58:00","system","1","按天计息",""
"16186","RZ20161009005","0.008000","65.3600","245100.0000","2016-11-04","2016-11-04 23:58:00","system","1","按天计息",""
"16263","RZ20161009005","0.008000","65.3600","245100.0000","2016-11-05","2016-11-05 23:58:00","system","1","按天计息",""
"16271","RZ20161009005","0.008000","65.3600","245100.0000","2016-11-06","2016-11-06 23:58:00","system","1","按天计息",""
"16279","RZ20161009005","0.008000","65.3600","245100.0000","2016-11-07","2016-11-07 23:58:00","system","1","按天计息",""
"16378","RZ20161009005","0.008000","65.3600","245100.0000","2016-11-08","2016-11-08 23:58:00","system","1","按天计息",""
"16515","RZ20161009005","0.008000","65.3600","245100.0000","2016-11-09","2016-11-09 23:58:00","system","1","按天计息",""
"16558","RZ20161009005","0.008000","65.3600","245100.0000","2016-11-10","2016-11-10 23:58:00","system","1","按天计息",""
"16572","RZ20161009005","0.008000","65.3600","245100.0000","2016-11-11","2016-11-11 23:58:00","system","1","按天计息",""
"16588","RZ20161009005","0.008000","65.3600","245100.0000","2016-11-12","2016-11-12 23:58:00","system","1","按天计息",""
"16598","RZ20161009005","0.008000","65.3600","245100.0000","2016-11-13","2016-11-13 23:58:00","system","1","按天计息",""
"16608","RZ20161009005","0.008000","65.3600","245100.0000","2016-11-14","2016-11-14 23:58:00","system","1","按天计息",""
"16642","RZ20161009005","0.008000","65.3600","245100.0000","2016-11-15","2016-11-15 23:58:00","system","1","按天计息",""
"16657","RZ20161009005","0.008000","65.3600","245100.0000","2016-11-16","2016-11-16 23:58:00","system","1","按天计息",""
"16675","RZ20161009005","0.008000","65.3600","245100.0000","2016-11-17","2016-11-17 23:58:00","system","1","按天计息",""
"16712","RZ20161009005","0.008000","65.3600","245100.0000","2016-11-18","2016-11-18 23:58:00","system","1","按天计息",""
"16744","RZ20161009005","0.008000","65.3600","245100.0000","2016-11-19","2016-11-19 23:58:00","system","1","按天计息",""
"16760","RZ20161009005","0.008000","65.3600","245100.0000","2016-11-20","2016-11-20 23:58:00","system","1","按天计息",""
"16776","RZ20161009005","0.008000","65.3600","245100.0000","2016-11-21","2016-11-21 23:58:00","system","1","按天计息",""
"16798","RZ20161009005","0.008000","65.3600","245100.0000","2016-11-22","2016-11-22 23:58:00","system","1","按天计息",""
"16859","RZ20161009005","0.008000","65.3600","245100.0000","2016-11-23","2016-11-23 23:58:00","system","1","按天计息",""
"16970","RZ20161009005","0.008000","65.3600","245100.0000","2016-11-24","2016-11-24 19:02:00","system","1","按天计息",""
"15543","RZ20161009006","0.008000","477.4939","255800.2920","2016-09-30","2016-10-17 17:16:59","system","1","按天计息",""
"15544","RZ20161009006","0.008000","68.2134","255800.2920","2016-10-07","2016-10-17 17:16:59","system","1","按天计息",""
"15545","RZ20161009006","0.008000","68.2134","255800.2920","2016-10-08","2016-10-17 17:16:59","system","1","按天计息",""
"15546","RZ20161009006","0.008000","68.2134","255800.2920","2016-10-09","2016-10-17 17:16:59","system","1","按天计息",""
"15547","RZ20161009006","0.008000","68.2134","255800.2920","2016-10-10","2016-10-17 17:16:59","system","1","按天计息",""
"15548","RZ20161009006","0.008000","68.2134","255800.2920","2016-10-11","2016-10-17 17:16:59","system","1","按天计息",""
"15549","RZ20161009006","0.008000","68.2134","255800.2920","2016-10-12","2016-10-17 17:16:59","system","1","按天计息",""
"15550","RZ20161009006","0.008000","68.2134","255800.2920","2016-10-13","2016-10-17 17:16:59","system","1","按天计息",""
"15551","RZ20161009006","0.008000","68.2134","255800.2920","2016-10-14","2016-10-17 17:16:59","system","1","按天计息",""
"15552","RZ20161009006","0.008000","68.2134","255800.2920","2016-10-15","2016-10-17 17:16:59","system","1","按天计息",""
"15553","RZ20161009006","0.008000","68.2134","255800.2920","2016-10-16","2016-10-17 17:16:59","system","1","按天计息",""
"15554","RZ20161009006","0.008000","68.2134","255800.2920","2016-10-17","2016-10-17 23:58:00","system","1","按天计息",""
"15565","RZ20161009006","0.008000","68.2134","255800.2920","2016-10-18","2016-10-18 23:58:00","system","1","按天计息",""
"15578","RZ20161009006","0.008000","68.2134","255800.2920","2016-10-19","2016-10-19 23:58:00","system","1","按天计息",""
"15604","RZ20161009006","0.008000","68.2134","255800.2920","2016-10-20","2016-10-20 23:58:00","system","1","按天计息",""
"15641","RZ20161009006","0.008000","68.2134","255800.2920","2016-10-21","2016-10-21 23:58:00","system","1","按天计息",""
"15720","RZ20161009006","0.008000","68.2134","255800.2920","2016-10-22","2016-10-22 23:58:00","system","1","按天计息",""
"15729","RZ20161009006","0.008000","68.2134","255800.2920","2016-10-23","2016-10-23 23:58:00","system","1","按天计息",""
"15738","RZ20161009006","0.008000","68.2134","255800.2920","2016-10-24","2016-10-24 23:58:00","system","1","按天计息",""
"15776","RZ20161009006","0.008000","68.2134","255800.2920","2016-10-25","2016-10-25 23:58:00","system","1","按天计息",""
"15827","RZ20161009006","0.008000","68.2134","255800.2920","2016-10-26","2016-10-26 23:58:00","system","1","按天计息",""
"15887","RZ20161009006","0.008000","68.2134","255800.2920","2016-10-27","2016-10-27 23:58:00","system","1","按天计息",""
"15930","RZ20161009006","0.008000","68.2134","255800.2920","2016-10-28","2016-10-28 23:58:00","system","1","按天计息",""
"15957","RZ20161009006","0.008000","68.2134","255800.2920","2016-10-29","2016-10-29 23:58:00","system","1","按天计息",""
"15967","RZ20161009006","0.008000","68.2134","255800.2920","2016-10-30","2016-10-30 23:58:00","system","1","按天计息",""
"15977","RZ20161009006","0.008000","68.2134","255800.2920","2016-10-31","2016-10-31 23:58:00","system","1","按天计息",""
"16032","RZ20161009006","0.008000","68.2134","255800.2920","2016-11-01","2016-11-01 23:58:00","system","1","按天计息",""
"16096","RZ20161009006","0.008000","68.2134","255800.2920","2016-11-02","2016-11-02 23:58:00","system","1","按天计息",""
"16143","RZ20161009006","0.008000","68.2134","255800.2920","2016-11-03","2016-11-03 23:58:00","system","1","按天计息",""
"16187","RZ20161009006","0.008000","68.2134","255800.2920","2016-11-04","2016-11-04 23:58:00","system","1","按天计息",""
"16264","RZ20161009006","0.008000","68.2134","255800.2920","2016-11-05","2016-11-05 23:58:00","system","1","按天计息",""
"16272","RZ20161009006","0.008000","68.2134","255800.2920","2016-11-06","2016-11-06 23:58:00","system","1","按天计息",""
"16280","RZ20161009006","0.008000","68.2134","255800.2920","2016-11-07","2016-11-07 23:58:00","system","1","按天计息",""
"16379","RZ20161009006","0.008000","68.2134","255800.2920","2016-11-08","2016-11-08 23:58:00","system","1","按天计息",""
"16516","RZ20161009006","0.008000","68.2134","255800.2920","2016-11-09","2016-11-09 23:58:00","system","1","按天计息",""
"16559","RZ20161009006","0.008000","68.2134","255800.2920","2016-11-10","2016-11-10 23:58:00","system","1","按天计息",""
"16573","RZ20161009006","0.008000","68.2134","255800.2920","2016-11-11","2016-11-11 23:58:00","system","1","按天计息",""
"16589","RZ20161009006","0.008000","68.2134","255800.2920","2016-11-12","2016-11-12 23:58:00","system","1","按天计息",""
"16599","RZ20161009006","0.008000","68.2134","255800.2920","2016-11-13","2016-11-13 23:58:00","system","1","按天计息",""
"16609","RZ20161009006","0.008000","68.2134","255800.2920","2016-11-14","2016-11-14 23:58:00","system","1","按天计息",""
"16643","RZ20161009006","0.008000","68.2134","255800.2920","2016-11-15","2016-11-15 23:58:00","system","1","按天计息",""
"16658","RZ20161009006","0.008000","68.2134","255800.2920","2016-11-16","2016-11-16 23:58:00","system","1","按天计息",""
"16676","RZ20161009006","0.008000","68.2134","255800.2920","2016-11-17","2016-11-17 23:58:00","system","1","按天计息",""
"16713","RZ20161009006","0.008000","68.2134","255800.2920","2016-11-18","2016-11-18 23:58:00","system","1","按天计息",""
"16745","RZ20161009006","0.008000","68.2134","255800.2920","2016-11-19","2016-11-19 23:58:00","system","1","按天计息",""
"16761","RZ20161009006","0.008000","68.2134","255800.2920","2016-11-20","2016-11-20 23:58:00","system","1","按天计息",""
"16777","RZ20161009006","0.008000","68.2134","255800.2920","2016-11-21","2016-11-21 23:58:00","system","1","按天计息",""
"16799","RZ20161009006","0.008000","68.2134","255800.2920","2016-11-22","2016-11-22 23:58:00","system","1","按天计息",""
"16860","RZ20161009006","0.008000","68.2134","255800.2920","2016-11-23","2016-11-23 23:58:00","system","1","按天计息",""
"16971","RZ20161009006","0.008000","68.2134","255800.2920","2016-11-24","2016-11-24 18:52:00","system","1","按天计息",""
"15921","RZ20161025001","","957.8900","2648560.3200","2016-10-27","2016-10-27 20:52:13","system","1","固定利息",""
"16640","RZ20161114001","","970.0000","2484000.0000","2016-11-14","2016-11-14 16:14:20","system","1","固定利息",""
"16641","RZ20161114002","","950.0000","2484000.0000","2016-11-14","2016-11-14 16:52:03","system","1","固定利息",""
"16655","RZ20161115001","0.008000","287.0000","153750.0000","2016-11-15","2016-11-15 23:58:00","system","1","按天计息",""
"16812","RZ20161115001","0.008000","41.0000","153750.0000","2016-11-22","2016-11-22 23:58:00","system","1","按天计息",""
"16870","RZ20161115001","0.008000","41.0000","153750.0000","2016-11-23","2016-11-23 23:58:00","system","1","按天计息",""
"16977","RZ20161115001","0.008000","41.0000","153750.0000","2016-11-24","2016-11-24 23:58:00","system","1","按天计息",""
"17163","RZ20161115001","0.008000","41.0000","153750.0000","2016-11-25","2016-11-25 23:58:00","system","1","按天计息",""
"17314","RZ20161115001","0.008000","41.0000","153750.0000","2016-11-26","2016-11-26 23:58:00","system","1","按天计息",""
"17344","RZ20161115001","0.008000","41.0000","153750.0000","2016-11-27","2016-11-27 23:58:00","system","1","按天计息",""
"17367","RZ20161115001","0.008000","41.0000","153750.0000","2016-11-28","2016-11-28 23:58:00","system","1","按天计息",""
"17442","RZ20161115001","0.008000","41.0000","153750.0000","2016-11-29","2016-11-29 23:58:00","system","1","按天计息",""
"17473","RZ20161115001","0.010000","51.2500","153750.0000","2016-11-30","2016-11-30 23:58:00","system","1","按天计息",""
"17525","RZ20161115001","0.010000","51.2500","153750.0000","2016-12-01","2016-12-01 23:58:00","system","1","按天计息",""
"17612","RZ20161115001","0.010000","51.2500","153750.0000","2016-12-02","2016-12-02 23:58:00","system","1","按天计息",""
"17698","RZ20161115001","0.010000","51.2500","153750.0000","2016-12-03","2016-12-03 23:58:00","system","1","按天计息",""
"17721","RZ20161115001","0.010000","51.2500","153750.0000","2016-12-04","2016-12-04 23:58:00","system","1","按天计息",""
"17744","RZ20161115001","0.010000","51.2500","153750.0000","2016-12-05","2016-12-05 23:58:00","system","1","按天计息",""
"17797","RZ20161115001","0.010000","51.2500","153750.0000","2016-12-06","2016-12-06 23:58:00","system","1","按天计息",""
"17840","RZ20161115001","0.010000","51.2500","153750.0000","2016-12-07","2016-12-07 23:58:00","system","1","按天计息",""
"17869","RZ20161115001","0.010000","51.2500","153750.0000","2016-12-08","2016-12-08 23:58:00","system","1","按天计息",""
"17930","RZ20161115001","0.010000","51.2500","153750.0000","2016-12-09","2016-12-09 23:58:00","system","1","按天计息",""
"18016","RZ20161115001","0.010000","51.2500","153750.0000","2016-12-10","2016-12-10 23:58:00","system","1","按天计息",""
"18044","RZ20161115001","0.010000","51.2500","153750.0000","2016-12-11","2016-12-11 23:58:00","system","1","按天计息",""
"18077","RZ20161115001","0.010000","51.2500","153750.0000","2016-12-12","2016-12-12 13:30:00","system","1","按天计息",""
"18123","RZ20161115001","0.010000","51.2500","153750.0000","2016-12-13","2016-12-13 23:58:00","system","1","按天计息",""
"18300","RZ20161115001","0.010000","51.2500","153750.0000","2016-12-14","2016-12-14 23:58:00","system","1","按天计息",""
"18451","RZ20161115001","0.010000","51.2500","153750.0000","2016-12-15","2016-12-15 23:58:00","system","1","按天计息",""
"18534","RZ20161115001","0.010000","51.2500","153750.0000","2016-12-16","2016-12-16 23:58:00","system","1","按天计息",""
"18627","RZ20161115001","0.010000","51.2500","153750.0000","2016-12-17","2016-12-17 23:58:00","system","1","按天计息",""
"18667","RZ20161115001","0.010000","51.2500","153750.0000","2016-12-18","2016-12-18 23:58:00","system","1","按天计息",""
"194811","RZ20161115001","0.010000","51.2500","153750.0000","2017-01-04","2017-01-04 23:58:00","system","1","按天计息",""
"195426","RZ20161115001","0.010000","51.2500","153750.0000","2017-01-05","2017-01-05 23:58:00","system","1","按天计息",""
"195533","RZ20161115001","0.010000","51.2500","153750.0000","2017-01-06","2017-01-06 23:58:00","system","1","按天计息",""
"195586","RZ20161115001","0.010000","51.2500","153750.0000","2017-01-07","2017-01-07 23:58:00","system","1","按天计息",""
"195618","RZ20161115001","0.010000","51.2500","153750.0000","2017-01-08","2017-01-08 23:58:00","system","1","按天计息",""
"195650","RZ20161115001","0.010000","51.2500","153750.0000","2017-01-09","2017-01-09 23:58:00","system","1","按天计息",""
"195756","RZ20161115001","0.010000","51.2500","153750.0000","2017-01-10","2017-01-10 23:58:00","system","1","按天计息",""
"195912","RZ20161115001","0.010000","51.2500","153750.0000","2017-01-11","2017-01-11 23:58:00","system","1","按天计息",""
"195978","RZ20161115001","0.010000","51.2500","153750.0000","2017-01-12","2017-01-12 23:58:00","system","1","按天计息",""
"196042","RZ20161115001","0.010000","51.2500","153750.0000","2017-01-13","2017-01-13 23:58:00","system","1","按天计息",""
"196084","RZ20161115001","0.010000","51.2500","153750.0000","2017-01-14","2017-01-14 23:58:00","system","1","按天计息",""
"196119","RZ20161115001","0.010000","51.2500","153750.0000","2017-01-15","2017-01-15 23:58:00","system","1","按天计息",""
"196154","RZ20161115001","0.010000","51.2500","153750.0000","2017-01-16","2017-01-16 23:58:00","system","1","按天计息",""
"196213","RZ20161115001","0.010000","51.2500","153750.0000","2017-01-17","2017-01-17 23:58:00","system","1","按天计息",""
"196299","RZ20161115001","0.010000","51.2500","153750.0000","2017-01-18","2017-01-18 23:58:00","system","1","按天计息",""
"196409","RZ20161115001","0.010000","51.2500","153750.0000","2017-01-19","2017-01-19 23:58:00","system","1","按天计息",""
"196484","RZ20161115001","0.010000","51.2500","153750.0000","2017-01-20","2017-01-20 23:58:00","system","1","按天计息",""
"196620","RZ20161115001","0.010000","51.2500","153750.0000","2017-01-21","2017-01-21 23:58:00","system","1","按天计息",""
"196652","RZ20161115001","0.010000","51.2500","153750.0000","2017-01-22","2017-01-22 23:58:00","system","1","按天计息",""
"196826","RZ20161115001","0.010000","51.2500","153750.0000","2017-01-23","2017-01-23 23:58:00","system","1","按天计息",""
"197054","RZ20161115001","0.010000","51.2500","153750.0000","2017-01-24","2017-01-24 23:58:00","system","1","按天计息",""
"197278","RZ20161115001","0.010000","51.2500","153750.0000","2017-01-25","2017-01-25 23:58:00","system","1","按天计息",""
"197319","RZ20161115001","0.010000","51.2500","153750.0000","2017-01-26","2017-01-26 23:58:00","system","1","按天计息",""
"197360","RZ20161115001","0.010000","51.2500","153750.0000","2017-01-27","2017-01-27 23:58:00","system","1","按天计息",""
"197400","RZ20161115001","0.010000","51.2500","153750.0000","2017-01-28","2017-01-28 23:58:00","system","1","按天计息",""
"197440","RZ20161115001","0.010000","51.2500","153750.0000","2017-01-29","2017-01-29 23:58:00","system","1","按天计息",""
"197485","RZ20161115001","0.010000","51.2500","153750.0000","2017-01-30","2017-01-30 23:58:00","system","1","按天计息",""
"197545","RZ20161115001","0.010000","51.2500","153750.0000","2017-01-31","2017-01-31 23:58:00","system","1","按天计息",""
"197618","RZ20161115001","0.010000","51.2500","153750.0000","2017-02-01","2017-02-01 23:58:00","system","1","按天计息",""
"197699","RZ20161115001","0.010000","51.2500","153750.0000","2017-02-02","2017-02-02 23:58:00","system","1","按天计息",""
"197780","RZ20161115001","0.010000","51.2500","153750.0000","2017-02-03","2017-02-03 23:58:00","system","1","按天计息",""
"197861","RZ20161115001","0.010000","51.2500","153750.0000","2017-02-04","2017-02-04 23:58:00","system","1","按天计息",""
"197942","RZ20161115001","0.010000","51.2500","153750.0000","2017-02-05","2017-02-05 23:58:00","system","1","按天计息",""
"198023","RZ20161115001","0.010000","51.2500","153750.0000","2017-02-06","2017-02-06 23:58:00","system","1","按天计息",""
"198170","RZ20161115001","0.010000","51.2500","153750.0000","2017-02-07","2017-02-07 23:58:00","system","1","按天计息",""
"198343","RZ20161115001","0.010000","51.2500","153750.0000","2017-02-08","2017-02-08 23:58:00","system","1","按天计息",""
"198837","RZ20161115001","0.010000","51.2500","153750.0000","2017-02-09","2017-02-09 23:58:00","system","1","按天计息",""
"199086","RZ20161115001","0.010000","51.2500","153750.0000","2017-02-10","2017-02-10 23:58:00","system","1","按天计息",""
"199213","RZ20161115001","0.010000","51.2500","153750.0000","2017-02-11","2017-02-11 23:58:00","system","1","按天计息",""
"199278","RZ20161115001","0.010000","51.2500","153750.0000","2017-02-12","2017-02-12 23:58:00","system","1","按天计息",""
"199343","RZ20161115001","0.010000","51.2500","153750.0000","2017-02-13","2017-02-13 23:58:00","system","1","按天计息",""
"199713","RZ20161115001","0.010000","51.2500","153750.0000","2017-02-14","2017-02-14 23:58:00","system","1","按天计息",""
"200197","RZ20161115001","0.010000","51.2500","153750.0000","2017-02-15","2017-02-15 23:58:00","system","1","按天计息",""
"200496","RZ20161115001","0.010000","51.2500","153750.0000","2017-02-16","2017-02-16 23:58:00","system","1","按天计息",""
"200649","RZ20161115001","0.010000","51.2500","153750.0000","2017-02-17","2017-02-17 23:58:00","system","1","按天计息",""
"201023","RZ20161115001","0.010000","51.2500","153750.0000","2017-02-18","2017-02-18 23:58:00","system","1","按天计息",""
"201062","RZ20161115001","0.010000","51.2500","153750.0000","2017-02-19","2017-02-19 23:58:00","system","1","按天计息",""
"201101","RZ20161115001","0.010000","51.2500","153750.0000","2017-02-20","2017-02-20 23:58:00","system","1","按天计息",""
"201513","RZ20161115001","0.010000","51.2500","153750.0000","2017-02-21","2017-02-21 23:58:00","system","1","按天计息",""
"201729","RZ20161115001","0.010000","51.2500","153750.0000","2017-02-22","2017-02-22 23:58:00","system","1","按天计息",""
"201767","RZ20161115001","0.010000","51.2500","153750.0000","2017-02-23","2017-02-23 23:58:00","system","1","按天计息",""
"201954","RZ20161115001","0.010000","51.2500","153750.0000","2017-02-24","2017-02-24 23:58:00","system","1","按天计息",""
"202035","RZ20161115001","0.010000","51.2500","153750.0000","2017-02-25","2017-02-25 23:58:00","system","1","按天计息",""
"202065","RZ20161115001","0.010000","51.2500","153750.0000","2017-02-26","2017-02-26 23:58:00","system","1","按天计息",""
"202095","RZ20161115001","0.010000","51.2500","153750.0000","2017-02-27","2017-02-27 23:58:00","system","1","按天计息",""
"202385","RZ20161115001","0.010000","51.2500","153750.0000","2017-02-28","2017-02-28 23:58:00","system","1","按天计息",""
"202565","RZ20161115001","0.010000","51.2500","153750.0000","2017-03-01","2017-03-01 23:58:00","system","1","按天计息",""
"202590","RZ20161115001","0.010000","51.2500","153750.0000","2017-03-02","2017-03-02 23:58:00","system","1","按天计息",""
"202620","RZ20161115001","0.010000","51.2500","153750.0000","2017-03-03","2017-03-03 23:58:00","system","1","按天计息",""
"202718","RZ20161115001","0.010000","51.2500","153750.0000","2017-03-04","2017-03-04 23:58:00","system","1","按天计息",""
"202746","RZ20161115001","0.010000","51.2500","153750.0000","2017-03-05","2017-03-05 23:58:00","system","1","按天计息",""
"202774","RZ20161115001","0.010000","51.2500","153750.0000","2017-03-06","2017-03-06 23:58:00","system","1","按天计息",""
"202819","RZ20161115001","0.010000","51.2500","153750.0000","2017-03-07","2017-03-07 23:58:00","system","1","按天计息",""
"202931","RZ20161115001","0.010000","51.2500","153750.0000","2017-03-08","2017-03-08 23:58:00","system","1","按天计息",""
"202982","RZ20161115001","0.010000","51.2500","153750.0000","2017-03-09","2017-03-09 23:58:00","system","1","按天计息",""
"203124","RZ20161115001","0.010000","51.2500","153750.0000","2017-03-10","2017-03-10 23:58:00","system","1","按天计息",""
"203321","RZ20161115001","0.010000","51.2500","153750.0000","2017-03-11","2017-03-11 23:58:00","system","1","按天计息",""
"203342","RZ20161115001","0.010000","51.2500","153750.0000","2017-03-12","2017-03-12 23:58:00","system","1","按天计息",""
"203363","RZ20161115001","0.010000","51.2500","153750.0000","2017-03-13","2017-03-13 23:50:00","system","1","按天计息",""
"203453","RZ20161115001","0.010000","51.2500","153750.0000","2017-03-14","2017-03-14 23:50:00","system","1","按天计息",""
"203748","RZ20161115001","0.010000","51.2500","153750.0000","2017-03-15","2017-03-15 23:50:00","system","1","按天计息",""
"203993","RZ20161115001","0.010000","51.2500","153750.0000","2017-03-16","2017-03-16 23:50:00","system","1","按天计息",""
"204117","RZ20161115001","0.010000","51.2500","153750.0000","2017-03-17","2017-03-17 23:50:00","system","1","按天计息",""
"204561","RZ20161115001","0.010000","51.2500","153750.0000","2017-03-18","2017-03-18 23:50:00","system","1","按天计息",""
"204575","RZ20161115001","0.010000","51.2500","153750.0000","2017-03-19","2017-03-19 23:50:00","system","1","按天计息",""
"204589","RZ20161115001","0.010000","51.2500","153750.0000","2017-03-20","2017-03-20 23:50:00","system","1","按天计息",""
"204795","RZ20161115001","0.010000","51.2500","153750.0000","2017-03-21","2017-03-21 23:50:00","system","1","按天计息",""
"205080","RZ20161115001","0.010000","51.2500","153750.0000","2017-03-22","2017-03-22 23:50:00","system","1","按天计息",""
"205215","RZ20161115001","0.010000","51.2500","153750.0000","2017-03-23","2017-03-23 23:50:00","system","1","按天计息",""
"205292","RZ20161115001","0.010000","51.2500","153750.0000","2017-03-24","2017-03-24 23:50:00","system","1","按天计息",""
"205459","RZ20161115001","0.010000","51.2500","153750.0000","2017-03-25","2017-03-25 23:50:00","system","1","按天计息",""
"205494","RZ20161115001","0.010000","51.2500","153750.0000","2017-03-26","2017-03-26 23:50:00","system","1","按天计息",""
"205529","RZ20161115001","0.010000","51.2500","153750.0000","2017-03-27","2017-03-27 23:50:00","system","1","按天计息",""
"206054","RZ20161115001","0.010000","51.2500","153750.0000","2017-03-28","2017-03-28 23:50:00","system","1","按天计息",""
"206130","RZ20161115001","0.010000","51.2500","153750.0000","2017-03-29","2017-03-29 23:50:00","system","1","按天计息",""
"206270","RZ20161115001","0.010000","51.2500","153750.0000","2017-03-30","2017-03-30 23:50:00","system","1","按天计息",""
"206698","RZ20161115001","0.010000","51.2500","153750.0000","2017-03-31","2017-03-31 23:50:00","system","1","按天计息",""
"206956","RZ20161115001","0.010000","51.2500","153750.0000","2017-04-01","2017-04-01 23:50:00","system","1","按天计息",""
"207156","RZ20161115001","0.010000","51.2500","153750.0000","2017-04-02","2017-04-02 23:50:00","system","1","按天计息",""
"207186","RZ20161115001","0.010000","51.2500","153750.0000","2017-04-03","2017-04-03 23:50:00","system","1","按天计息",""
"207216","RZ20161115001","0.010000","51.2500","153750.0000","2017-04-04","2017-04-04 23:50:00","system","1","按天计息",""
"207248","RZ20161115001","0.010000","51.2500","153750.0000","2017-04-05","2017-04-05 23:50:00","system","1","按天计息",""
"207362","RZ20161115001","0.010000","51.2500","153750.0000","2017-04-06","2017-04-06 23:50:00","system","1","按天计息",""
"207494","RZ20161115001","0.010000","51.2500","153750.0000","2017-04-07","2017-04-07 23:50:00","system","1","按天计息",""
"207782","RZ20161115001","0.010000","51.2500","153750.0000","2017-04-08","2017-04-08 23:50:00","system","1","按天计息",""
"207826","RZ20161115001","0.010000","51.2500","153750.0000","2017-04-09","2017-04-09 23:50:00","system","1","按天计息",""
"207870","RZ20161115001","0.010000","51.2500","153750.0000","2017-04-10","2017-04-10 23:50:00","system","1","按天计息",""
"208502","RZ20161115001","0.010000","51.2500","153750.0000","2017-04-11","2017-04-11 23:50:00","system","1","按天计息",""
"208764","RZ20161115001","0.010000","51.2500","153750.0000","2017-04-12","2017-04-12 23:50:00","system","1","按天计息",""
"208999","RZ20161115001","0.010000","51.2500","153750.0000","2017-04-13","2017-04-13 23:50:00","system","1","按天计息",""
"209173","RZ20161115001","0.010000","51.2500","153750.0000","2017-04-14","2017-04-14 23:50:00","system","1","按天计息",""
"209986","RZ20161115001","0.010000","51.2500","153750.0000","2017-04-15","2017-04-15 23:50:00","system","1","按天计息",""
"210032","RZ20161115001","0.010000","51.2500","153750.0000","2017-04-16","2017-04-16 23:50:00","system","1","按天计息",""
"210078","RZ20161115001","0.010000","51.2500","153750.0000","2017-04-17","2017-04-17 23:50:00","system","1","按天计息",""
"210869","RZ20161115001","0.010000","51.2500","153750.0000","2017-04-18","2017-04-18 23:50:00","system","1","按天计息",""
"211022","RZ20161115001","0.010000","51.2500","153750.0000","2017-04-19","2017-04-19 23:50:00","system","1","按天计息",""
"211205","RZ20161115001","0.010000","51.2500","153750.0000","2017-04-20","2017-04-20 23:50:00","system","1","按天计息",""
"211524","RZ20161115001","0.010000","51.2500","153750.0000","2017-04-21","2017-04-21 23:50:00","system","1","按天计息",""
"211897","RZ20161115001","0.010000","51.2500","153750.0000","2017-04-22","2017-04-22 23:50:00","system","1","按天计息",""
"211989","RZ20161115001","0.010000","51.2500","153750.0000","2017-04-23","2017-04-23 23:50:00","system","1","按天计息",""
"212028","RZ20161115001","0.010000","51.2500","153750.0000","2017-04-24","2017-04-24 23:50:00","system","1","按天计息",""
"212214","RZ20161115001","0.010000","51.2500","153750.0000","2017-04-25","2017-04-25 23:50:00","system","1","按天计息",""
"212295","RZ20161115001","0.010000","51.2500","153750.0000","2017-04-26","2017-04-26 23:50:00","system","1","按天计息",""
"212706","RZ20161115001","0.010000","51.2500","153750.0000","2017-04-27","2017-04-27 23:50:00","system","1","按天计息",""
"213050","RZ20161115001","0.010000","51.2500","153750.0000","2017-04-28","2017-04-28 23:50:00","system","1","按天计息",""
"213651","RZ20161115001","0.010000","51.2500","153750.0000","2017-04-29","2017-04-29 23:50:00","system","1","按天计息",""
"213697","RZ20161115001","0.010000","51.2500","153750.0000","2017-04-30","2017-04-30 23:50:00","system","1","按天计息",""
"213743","RZ20161115001","0.010000","51.2500","153750.0000","2017-05-01","2017-05-01 23:50:00","system","1","按天计息",""
"213793","RZ20161115001","0.010000","51.2500","153750.0000","2017-05-02","2017-05-02 23:50:00","system","1","按天计息",""
"214474","RZ20161115001","0.010000","51.2500","153750.0000","2017-05-03","2017-05-03 23:50:00","system","1","按天计息",""
"215281","RZ20161115001","0.010000","51.2500","153750.0000","2017-05-04","2017-05-04 23:50:00","system","1","按天计息",""
"215520","RZ20161115001","0.010000","51.2500","153750.0000","2017-05-05","2017-05-05 23:50:00","system","1","按天计息",""
"215659","RZ20161115001","0.010000","51.2500","153750.0000","2017-05-06","2017-05-06 15:50:00","system","1","按天计息",""
"215702","RZ20161115001","0.010000","51.2500","153750.0000","2017-05-08","2017-05-08 23:50:00","system","1","按天计息",""
"216020","RZ20161115001","0.010000","51.2500","153750.0000","2017-05-09","2017-05-09 23:50:00","system","1","按天计息",""
"216400","RZ20161115001","0.010000","51.2500","153750.0000","2017-05-10","2017-05-10 23:50:00","system","1","按天计息",""
"216537","RZ20161115001","0.010000","51.2500","153750.0000","2017-05-11","2017-05-11 23:50:00","system","1","按天计息",""
"217014","RZ20161115001","0.010000","51.2500","153750.0000","2017-05-12","2017-05-12 23:50:00","system","1","按天计息",""
"217296","RZ20161115001","0.010000","51.2500","153750.0000","2017-05-13","2017-05-13 23:50:00","system","1","按天计息",""
"217333","RZ20161115001","0.010000","51.2500","153750.0000","2017-05-14","2017-05-14 23:50:00","system","1","按天计息",""
"217370","RZ20161115001","0.010000","51.2500","153750.0000","2017-05-15","2017-05-15 23:50:00","system","1","按天计息",""
"217491","RZ20161115001","0.010000","51.2500","153750.0000","2017-05-16","2017-05-16 23:50:00","system","1","按天计息",""
"218014","RZ20161115001","0.010000","51.2500","153750.0000","2017-05-17","2017-05-17 23:50:00","system","1","按天计息",""
"218392","RZ20161115001","0.010000","51.2500","153750.0000","2017-05-18","2017-05-18 23:50:00","system","1","按天计息",""
"218487","RZ20161115001","0.010000","51.2500","153750.0000","2017-05-19","2017-05-19 23:50:00","system","1","按天计息",""
"218721","RZ20161115001","0.010000","51.2500","153750.0000","2017-05-20","2017-05-20 23:50:00","system","1","按天计息",""
"218755","RZ20161115001","0.010000","51.2500","153750.0000","2017-05-21","2017-05-21 23:50:00","system","1","按天计息",""
"218789","RZ20161115001","0.010000","51.2500","153750.0000","2017-05-22","2017-05-22 23:50:00","system","1","按天计息",""
"219079","RZ20161115001","0.010000","51.2500","153750.0000","2017-05-23","2017-05-23 23:50:00","system","1","按天计息",""
"219327","RZ20161115001","0.010000","51.2500","153750.0000","2017-05-24","2017-05-24 23:50:00","system","1","按天计息",""
"219642","RZ20161115001","0.010000","51.2500","153750.0000","2017-05-25","2017-05-25 23:50:00","system","1","按天计息",""
"219798","RZ20161115001","0.010000","51.2500","153750.0000","2017-05-26","2017-05-26 23:50:00","system","1","按天计息",""
"220164","RZ20161115001","0.010000","51.2500","153750.0000","2017-05-27","2017-05-27 23:50:00","system","1","按天计息",""
"220840","RZ20161115001","0.010000","51.2500","153750.0000","2017-05-28","2017-05-28 23:50:00","system","1","按天计息",""
"220898","RZ20161115001","0.010000","51.2500","153750.0000","2017-05-29","2017-05-29 23:50:00","system","1","按天计息",""
"220966","RZ20161115001","0.010000","51.2500","153750.0000","2017-05-30","2017-05-30 23:50:00","system","1","按天计息",""
"221038","RZ20161115001","0.010000","51.2500","153750.0000","2017-05-31","2017-05-31 23:50:00","system","1","按天计息",""
"221629","RZ20161115001","0.010000","51.2500","153750.0000","2017-06-01","2017-06-01 23:50:00","system","1","按天计息",""
"222047","RZ20161115001","0.010000","51.2500","153750.0000","2017-06-02","2017-06-02 23:50:00","system","1","按天计息",""
"222604","RZ20161115001","0.010000","51.2500","153750.0000","2017-06-03","2017-06-03 23:50:00","system","1","按天计息",""
"222670","RZ20161115001","0.010000","51.2500","153750.0000","2017-06-04","2017-06-04 23:50:00","system","1","按天计息",""
"222736","RZ20161115001","0.010000","51.2500","153750.0000","2017-06-05","2017-06-05 23:50:00","system","1","按天计息",""
"223368","RZ20161115001","0.010000","51.2500","153750.0000","2017-06-06","2017-06-06 23:50:00","system","1","按天计息",""
"223886","RZ20161115001","0.010000","51.2500","153750.0000","2017-06-07","2017-06-07 23:50:00","system","1","按天计息",""
"224587","RZ20161115001","0.010000","51.2500","153750.0000","2017-06-08","2017-06-08 23:50:00","system","1","按天计息",""
"225271","RZ20161115001","0.010000","51.2500","153750.0000","2017-06-09","2017-06-09 23:50:00","system","1","按天计息",""
"226386","RZ20161115001","0.010000","51.2500","153750.0000","2017-06-10","2017-06-10 23:50:00","system","1","按天计息",""
"226428","RZ20161115001","0.010000","51.2500","153750.0000","2017-06-11","2017-06-11 23:50:00","system","1","按天计息",""
"226470","RZ20161115001","0.010000","51.2500","153750.0000","2017-06-12","2017-06-12 23:50:00","system","1","按天计息",""
"226778","RZ20161115001","0.010000","51.2500","153750.0000","2017-06-13","2017-06-13 23:50:00","system","1","按天计息",""
"227510","RZ20161115001","0.010000","51.2500","153750.0000","2017-06-14","2017-06-14 23:50:00","system","1","按天计息",""
"228275","RZ20161115001","0.010000","51.2500","153750.0000","2017-06-15","2017-06-15 23:50:00","system","1","按天计息",""
"229155","RZ20161115001","0.010000","51.2500","153750.0000","2017-06-16","2017-06-16 23:50:00","system","1","按天计息",""
"231533","RZ20161115001","0.010000","51.2500","153750.0000","2017-06-17","2017-06-17 23:50:00","system","1","按天计息",""
"231572","RZ20161115001","0.010000","51.2500","153750.0000","2017-06-18","2017-06-18 23:50:00","system","1","按天计息",""
"231611","RZ20161115001","0.008000","41.0000","153750.0000","2017-06-19","2017-06-19 23:50:00","system","1","按天计息",""
"232221","RZ20161115001","0.008000","41.0000","153750.0000","2017-06-20","2017-06-20 23:50:00","system","1","按天计息",""
"232515","RZ20161115001","0.008000","41.0000","153750.0000","2017-06-21","2017-06-21 23:50:00","system","1","按天计息",""
"232582","RZ20161115001","0.008000","41.0000","153750.0000","2017-06-22","2017-06-22 23:50:00","system","1","按天计息",""
"232700","RZ20161115001","0.008000","41.0000","153750.0000","2017-06-23","2017-06-23 23:50:00","system","1","按天计息",""
"233073","RZ20161115001","0.008000","41.0000","153750.0000","2017-06-24","2017-06-24 23:50:00","system","1","按天计息",""
"233086","RZ20161115001","0.008000","41.0000","153750.0000","2017-06-25","2017-06-25 23:50:00","system","1","按天计息",""
"233099","RZ20161115001","0.008000","41.0000","153750.0000","2017-06-26","2017-06-26 23:50:00","system","1","按天计息",""
"233286","RZ20161115001","0.008000","41.0000","153750.0000","2017-06-27","2017-06-27 23:50:00","system","1","按天计息",""
"233963","RZ20161115001","0.008000","41.0000","153750.0000","2017-06-28","2017-06-28 23:50:00","system","1","按天计息",""
"234190","RZ20161115001","0.008000","41.0000","153750.0000","2017-06-29","2017-06-29 23:50:00","system","1","按天计息",""
"234280","RZ20161115001","0.010000","51.2500","153750.0000","2017-06-30","2017-06-30 23:50:00","system","1","按天计息",""
"234510","RZ20161115001","0.010000","51.2500","153750.0000","2017-07-01","2017-07-01 23:50:00","system","1","按天计息",""
"234521","RZ20161115001","0.010000","51.2500","153750.0000","2017-07-02","2017-07-02 23:50:00","system","1","按天计息",""
"234534","RZ20161115001","0.010000","51.2500","153750.0000","2017-07-03","2017-07-03 23:50:00","system","1","按天计息",""
"234980","RZ20161115001","0.010000","51.2500","153750.0000","2017-07-04","2017-07-04 18:40:00","system","1","按天计息",""
"259126","RZ20161115001","0.010000","51.2500","153750.0000","2017-07-29","2017-07-30 01:00:00","system","1","月利率","月利率10.00‰"
"259802","RZ20161115001","0.010000","51.2500","153750.0000","2017-07-30","2017-07-31 01:00:00","system","1","月利率","月利率10.00‰"
"261080","RZ20161115001","0.010000","51.2500","153750.0000","2017-07-31","2017-08-01 01:00:00","system","1","月利率","月利率10.00‰"
"263109","RZ20161115001","0.010000","51.2500","153750.0000","2017-08-01","2017-08-02 01:00:00","system","1","月利率","月利率10.00‰"
"266053","RZ20161115001","0.010000","51.2500","153750.0000","2017-08-02","2017-08-03 01:00:00","system","1","月利率","月利率10.00‰"
"267682","RZ20161115001","0.010000","51.2500","153750.0000","2017-08-03","2017-08-04 01:00:00","system","1","月利率","月利率10.00‰"
"268959","RZ20161115001","0.010000","51.2500","153750.0000","2017-08-04","2017-08-05 01:00:00","system","1","月利率","月利率10.00‰"
"269059","RZ20161115001","0.010000","51.2500","153750.0000","2017-08-05","2017-08-06 01:00:00","system","1","月利率","月利率10.00‰"
